1873 2859
107 187 154 215 ex
173 177 240 214 hae
264 177 464 224 quaestione
490 177 679 222 conficiam,
700 177 888 216 Salustium
912 179 955 217 de
968 161 1133 218 Catilinae
1150 165 1384 218 coniuratione
1408 182 1502 219 idem
1525 165 1627 229 fere&
1666 168 1674 177 ³
1703 161 1713 177 ι
1736 163 1746 177 ⁵

107 235 195 273 sisse
220 236 311 283 quod
329 234 510 274 Caesarem
535 247 641 283 eaque
668 247 804 273 summo
815 237 971 274 Caesaris
989 241 1025 276 et
1036 237 1252 286 popularium
1268 240 1420 290 partium
1436 241 1550 278 studio
1566 242 1705 285 mam-

106 294 240 329 matum
272 304 360 339 esse,
395 293 541 329 alterum
574 304 616 329 ex
648 293 704 329 his
738 294 870 330 duabus
904 296 1162 342 quaestionibus
1189 296 1398 347 collegerim,
1416 299 1461 334 et
1485 297 1640 335 Caesaris
1664 302 1700 337 et

105 350 323 398 popularium
346 352 497 398 partium
521 354 556 388 et
581 362 662 388 suae
686 350 815 399 gloriae
841 353 955 389 studio
972 352 1072 399 paulo
1091 356 1169 400 post
1187 355 1464 391 coniurationem
1474 353 1641 396 Catilinae
1656 358 1700 404 ad

105 420 181 445 rem
204 408 378 456 publicam
402 410 650 456 capessendam
669 411 960 457 magistratusque
979 413 1189 457 appetendos
1204 412 1389 448 adductum
1403 423 1479 448 esse
1499 402 1701 459 Salustium.

105 528 217 585 Cap.
236 528 361 574 VIII.
404 529 506 582 Quo
528 530 739 586 tempore
768 529 1081 586 magistratus
1110 530 1311 587 adeptus
1339 530 1405 575 sit
1426 518 1697 578 Salustius?

216 617 259 654 In
282 617 373 654 hanc
398 618 635 664 quaestionem
660 617 859 655 solvendam
883 618 1030 655 multum
1055 618 1138 655 facit
1161 618 1235 665 ipse
1261 618 1463 661 Sallustius;
1490 618 1577 656 haec
1604 620 1697 657 enim

104 678 242 720 exstant
265 676 301 711 in
325 676 400 722 Iug.
426 677 459 718 4,
485 677 527 712 4:
554 675 619 719 Qui
644 676 672 711 si
694 677 938 721 reputaverint,
965 678 999 712 et
1015 677 1139 722 quibus
1157 687 1221 722 ego
1239 677 1450 722 temporibus
1470 678 1695 724 magistratus
1739 699 1748 707 ι

104 734 249 783 adeptus
275 745 352 771 sum
385 733 503 781 quales
529 734 593 770 viri
617 733 710 770 idem
742 734 884 781 adsequi
917 734 1135 781 nequiverint
1167 736 1202 771 et
1226 736 1346 781 postea
1371 745 1457 782 quae
1482 745 1611 782 genera
1634 733 1697 772 ho·
1831 780 1838 785 ..

103 793 237 829 minum
261 794 297 828 in
322 795 480 829 senatum
504 794 741 839 pervenerint,
776 793 931 838 profecto
966 793 1212 829 existimabunt
1249 795 1336 839 etqs.
1352 794 1377 837 ¹)
1435 792 1565 837 Quibus
1590 798 1696 839 quan·
1814 788 1873 842 ἦ

104 860 208 896 quam
232 860 344 895 neque
369 860 436 895 quo
461 860 550 885 anno
575 849 726 895 primum
758 850 1001 896 magistratum
1027 849 1171 895 adeptus
1197 849 1259 892 sit,
1292 860 1403 895 neque
1430 860 1465 885 se
1492 861 1553 885 suo
1567 846 1695 896 'quem-
1742 850 1746 852 ’
1819 832 1873 905 23}

104 918 171 955 que
196 918 285 944 anno
310 907 551 955 magistratum
566 906 590 952 ²)
616 908 777 954 adeptum
803 918 878 944 esse
905 907 1006 951 dicit,
1042 909 1158 944 tamen
1180 918 1259 943 cum
1291 907 1438 944 maiores
1472 908 1695 960 magistratus
1799 912 1815 925 '²
1832 907 1873 961 332³,

103 967 182 1001 ante
207 965 305 1001 civile
338 965 468 1000 bellum
500 976 568 1000 non
594 966 739 1010 adeptus
765 966 829 1007 sit,
865 966 1008 1000 dubium
1033 976 1102 1000 non
1130 968 1200 1007 est,
1236 966 1319 1010 quin
1344 966 1386 1000 iis
1411 966 1562 1001 minores
1587 966 1695 1011 magi-

103 1023 232 1058 stratus
244 1021 269 1066 3)
295 1021 551 1070 significaverit.
589 1022 705 1069 Atque
722 1022 873 1069 primum
897 1021 1065 1058 honorem
1091 1022 1127 1057 in
1151 1023 1335 1068 quaestura
1354 1022 1497 1069 adeptus
1523 1027 1576 1058 est
1586 1022 1612 1066 ⁴¹)
1636 1032 1695 1058 ne-

104 1090 172 1126 que
197 1080 272 1123 fuit,
300 1092 361 1116 cur
385 1091 461 1116 eam
486 1091 555 1115 non
581 1091 642 1115 suo
667 1092 756 1116 anno
780 1082 914 1126 peteret
938 1083 998 1115 aut
1023 1080 1282 1125 adipisceretur.
1502 1090 1511 1099 ·

215 1137 290 1172 13111
306 1148 387 1173 vero
404 1137 589 1182 quaeritur,
617 1147 684 1182 quo
707 1148 795 1172 anno
819 1139 1015 1183 praeturam
1041 1138 1160 1182 petere
1184 1137 1319 1172 licuerit
1343 1136 1419 1183 lege
1444 1135 1547 1171 Villia
1570 1136 1693 1172 annali.

101 1194 234 1232 Becker
259 1194 352 1232 enim
378 1195 556 1242 trigesimo
583 1195 721 1232 demum
756 1206 844 1232 311110
869 1195 905 1232 111
929 1194 1067 1232 licuisse
1093 1195 1284 1239 existimat,
1321 1194 1408 1231 Rein
1433 1194 1594 1232 vicesimo
1619 1205 1694 1243 sep-

103 1254 187 1289 timo
201 1254 239 1299 ⁵).
288 1254 405 1299 Atque
431 1253 538 1296 mihi,
573 1254 778 1289 cumaltius
806 1255 841 1289 in
866 1265 940 1290 rem
965 1255 1137 1299 inquirere
1170 1265 1361 1299 nequeam,
1395 1253 1528 1289 Becker
1560 1254 1694 1289 videtur

101 1321 221 1347 verum
255 1313 382 1347 tenere.
432 1310 525 1346 Nam
550 1309 680 1353 Cicero,
707 1311 765 1356 qui
791 1311 833 1346 de
860 1310 915 1346 off.
942 1312 983 1354 2,
1020 1310 1075 1353 17,
1111 1312 1156 1347 59
1192 1310 1358 1357 gloriatur
1398 1316 1434 1346 se
1460 1321 1521 1346 suo
1554 1310 1692 1356 quidem

101 1379 191 1405 anno
216 1369 348 1405 cunetis
366 1367 539 1415 suffragiis
565 1369 728 1415 adeptum
753 1379 829 1405 esse
852 1368 1001 1406 honores
1027 1371 1062 1404 et
1086 1368 1121 1404 in
1138 1368 1207 1404 Pis.
1235 1368 1266 1412 1,
1292 1370 1315 1405 2
1340 1368 1476 1404 Pisonis
1492 1368 1693 1414 petitionem

102 1429 307 1472 quaesturae
332 1426 422 1461 ridet
447 1437 542 1461 suam
570 1426 601 1461 ei
627 1437 820 1471 opponens,
862 1427 1039 1472 trigesimo
1064 1427 1203 1461 demum
1229 1436 1317 1461 anno
1351 1428 1570 1471 quaesturam
1594 1426 1694 1471 petiit

101 1486 136 1520 et
160 1484 305 1531 adeptus
331 1485 393 1527 est,
421 1483 513 1530 quod
538 1482 709 1530 colligitur
735 1493 775 1519 ex
801 1483 896 1519 Brut.
922 1494 950 1519 0.
970 1484 1036 1520 92:
1063 1483 1178 1519 Vnum
1203 1494 1341 1526 annum,
1368 1494 1444 1519 cum
1470 1483 1692 1519 rediissemus

100 1553 143 1579 ex
155 1542 251 1585 Asia,
278 1552 398 1578 causas
424 1540 556 1577 nobiles
582 1541 726 1587 egimus,
755 1552 832 1577 cum
859 1543 1079 1587 quaesturam
1103 1552 1177 1584 nos,
1204 1540 1418 1577 consulatum
1443 1540 1551 1583 Cotta,
1578 1540 1693 1576 aedili-

101 1601 209 1635 tatem
240 1601 375 1646 peteret
399 1598 604 1634 Hortensius
630 1600 720 1644 (ann.
748 1599 898 1644 678s76).
950 1597 1061 1642 Quare
1086 1609 1155 1633 11011
1187 1600 1281 1634 10010
1306 1598 1501 1633 existimare
1533 1597 1620 1632 mihi
1645 1597 1692 1632 vi-

100 1658 201 1694 detur
224 1657 389 1694 Dietsch³
425 1656 545 1702 (praef.
572 1669 603 1702 p.
630 1658 665 1701 3)
701 1656 887 1693 Salustium
912 1658 1152 1702 quaesturam,
1192 1656 1221 1692 si
1246 1667 1308 1692 suo
1333 1667 1422 1692 anno
1446 1656 1563 1702 petiit,
1602 1666 1691 1691 anno

100 1715 230 1762 695159
266 1715 428 1761 adeptum
461 1725 548 1751 esse.
613 1714 736 1761 Neque
768 1713 934 1760 proximis
968 1713 1078 1749 tribus
1111 1713 1210 1749 annis
1248 1713 1581 1759 (696158-698s5ffl
1615 1719 1691 1748 eam

99 1774 263 1819 adeptum
296 1783 372 1810 esse
405 1773 615 1819 putaverim,
651 1784 729 1808 cum
754 1773 778 1807 ii
803 1772 875 1808 fere
909 1773 1107 1808 crearentur
1139 1771 1381 1818 magistratus,
1416 1771 1474 1817 qui
1508 1782 1528 1806 a
1552 1773 1690 1806 senatus

101 1829 269 1877 (Catonis)
304 1832 363 1865 aut
396 1830 538 1876 Pompei
563 1832 622 1865 aut
647 1829 760 1865 Crassi
794 1832 853 1865 aut
886 1829 1030 1865 aliorum
1063 1829 1218 1874 partibus
1250 1830 1399 1871 starent,
1434 1827 1589 1863 Caesaris
1619 1828 1690 1863 fere

98 1899 169 1925 non
194 1888 382 1925 haberetur
405 1888 511 1931 ratio,
547 1888 654 1924 donec
679 1887 883 1934 Pompeium
912 1889 947 1924 et
971 1886 1133 1923 Crassum
1166 1886 1409 1923 dissentientes
1434 1896 1553 1922 mense
1577 1885 1690 1932 Aprili

98 1946 180 1982 anni
205 1946 335 1992 698s56
353 1946 395 1981 ad
413 1956 449 1981 se
466 1945 597 1981 Lucam
622 1948 768 1988 vocaret,
795 1956 873 1981 011111
898 1945 1008 1991 iisque
1026 1945 1265 1990 pacisceretur,
1292 1946 1331 1980 ut
1356 1944 1457 1981 ambo
1474 1943 1689 1979 consulatum

98 2003 247 2040 alterum
278 2005 454 2048 peterent,
489 2014 532 2039 ne
557 2003 596 2038 L.
624 2003 806 2046 Domitius,
833 2003 891 2048 qui
917 2001 1054 2038 Caesari
1090 2002 1259 2038 exercitus
1284 2002 1527 2047 adempturum
1552 2011 1588 2037 se
1613 2011 1690 2036 esse

97 2061 249 2097 minatus
267 2063 350 2104 erat,
377 2060 495 2097 consul
512 2061 612 2097 fieret
637 2063 672 2097 et
687 2063 726 2096 ut
749 2061 785 2096 in
803 2060 1075 2107 quinquennium
1092 2059 1158 2095 sibi
1183 2059 1367 2105 imperium
1390 2060 1636 2106 prorogaretur
1649 2058 1687 2103 ὅ).

99 2118 337 2156 Nihilominus
372 2119 540 2154 Salustius
573 2119 629 2154 his
664 2119 762 2154 annis
796 2120 931 2153 tantum
956 2117 1061 2160 afuit,
1087 2119 1126 2152 ut
1150 2117 1193 2153 ab
1218 2117 1369 2153 absentis
1395 2116 1550 2152 Caesaris
1575 2115 1689 2151 studio

97 2176 375 2221 abstraheretur,
408 2179 448 2213 ut
478 2177 514 2214 in
546 2177 619 2214 dies
652 2176 763 2225 magis
796 2176 1040 2213 accenderetur
1072 2175 1130 2219 iis,
1167 2185 1253 2222 quae
1287 2174 1380 2211 domi
1413 2173 1621 2221 militiaeque
1647 2184 1688 2210 ex

98 2235 255 2272 Caesaris
289 2236 460 2272 sententia
490 2238 590 2283 gesta
623 2238 714 2271 sunt.
765 2234 890 2271 Caesar
916 2235 1006 2271 enim
1033 2236 1068 2271 et
1093 2234 1186 2270 domi
1222 2234 1285 2277 „ad
1309 2226 1527 2269 securitatem
1559 2232 1688 2279 posteri

1843 1589 1849 1602 ,,
1832 1469 1833 1473 ⁴
1828 1412 1847 1429 “,
1830 1309 1845 1376 ’,Ι-ι
1835 1158 1846 1211 ,π
1836 1046 1841 1054 ἡ·

1843 1267 1873 1652 ι,ὶῖὶᾸθ-..μὲῑὲ--ατ-Ᾰ.·,έ.Ῐ-’,;ἐηὲῐυζμ’ἶῖ;
1864 1226 1868 1231 -
1858 1204 1861 1207 ἃ
1867 1176 1868 1179 Α
1851 1119 1873 1137 ζ
1847 962 1873 1094 ,ξ-,ἑῖ“.<“,ν”1,·“

171 2333 199 2371 ²)
221 2333 261 2361 sic
281 2333 353 2361 onim
374 2332 472 2360 reiecta
493 2332 620 2369 particula
639 2335 667 2360 et
683 2334 744 2360 ante
766 2331 860 2368 quales
882 2340 943 2359 eum
953 2329 1090 2359 Dietschio
1111 2329 1158 2368 (cf.
1178 2330 1211 2357 ad
1231 2329 1259 2367 1.)
1280 2329 1451 2358 scribendum
1472 2332 1546 2367 put0,
1568 2327 1687 2365 quamvis
1711 2329 1715 2334 ‘

95 2391 154 2411 eam
175 2382 290 2410 retineat
308 2381 411 2409 Jordan
432 2381 514 2409 1876.
1551 2388 1553 2390 ·

172 2428 195 2466 ¹)
216 2429 250 2456 cs.
271 2428 326 2457 Cic.
348 2428 382 2456 de
403 2428 447 2455 off.
469 2428 497 2464 2,
519 2428 563 2462 17,
584 2429 630 2455 59.

171 2476 196 2514 ³)
219 2476 284 2506 Gen.
305 2486 331 2504 n.
353 2485 376 2505 a.
397 2475 459 2510 XIII,
479 2476 523 2503 15.
545 2476 575 2505 D.
596 2475 628 2504 ad
649 2475 703 2504 Cat.
725 2475 769 2510 30,
791 2475 816 2503 7.

170 2525 194 2562 ⁴)
214 2525 348 2553 Invectiva
369 2525 395 2559 ⁵,
423 2525 465 2552 ¹5.

173 2572 199 2610 6)
221 2573 254 2600 cs.
275 2572 362 2602 Liibk.
384 2582 406 2601 3.
428 2581 453 2600 v.
475 2575 628 2608 quaestura.

172 2620 195 2662 ⁸)
216 2621 290 2650 Suet.
312 2621 388 2650 Caes.
410 2621 454 2649 24.
476 2621 509 2650 ci.
531 2620 575 2649 25.
