1873 2859
1670 44 1725 116 ‘1‘7

144 181 187 234 {f
213 179 394 240 affantes,
414 186 455 222 ut
478 186 516 222 111
537 175 583 222 118
608 184 740 222 artibus
764 184 1047 228 instituerentur,
1074 194 1161 231 quae
1185 183 1269 222 viris
1293 184 1331 220 in
1355 183 1508 231 regenda
1543 181 1723 231 republica

134 231 351 302 *ati-cantibus
375 244 524 282 maxime
548 244 626 280 usui
651 253 727 282 8888
751 243 965 281 videbantur.
1016 241 1129 288 Quare
1153 242 1273 280 Oicero
1290 240 1473 279 Scaevolae
1490 242 1636 278 traditus
1652 242 1722 285 est,
1747 255 1750 259 ’

131 290 282 356 naim
293 303 384 340 civili
409 305 444 339 et
467 302 620 349 potificio
644 302 875 345 excoleretur,
902 301 1037 338 Caelius
1062 300 1218 337 Ciceroni
1253 303 1294 337 ut
1326 301 1362 336 in
1398 301 1502 337 rebus
1535 300 1722 338 rhetoricis

68 353 91 375 ‘³‘
110 360 359 408 '³e1eroeretur.
410 359 480 396 Sed
505 358 674 401 Salustius
699 369 811 407 neque
835 358 956 406 primis
983 358 1100 394 statim
1126 357 1378 394 811818888111188
1404 357 1503 393 annis
1527 358 1578 393 rei
1610 350 1722 405 publi-

132 425 197 469 888Δ
215 420 445 472 capessendae
471 417 652 454 consilium
685 418 837 464 cepisse,
858 428 987 464 neque
1020 414 1080 453 ubi
1105 417 1196 463 cepit
1228 428 1296 452 uno
1329 415 1479 453 alterove
1511 415 1720 462 reipublicae

92 522 95 525 .
123 478 364 528 capessendae
388 478 449 511 aut
473 475 769 511 administrandae
790 475 988 514 adiumento
1013 474 1121 510 fuisse
1146 476 1327 509 contentus
1364 474 1517 515 videtur,
1553 473 1615 508 sed
1651 474 1723 509 8111-

64 556 73 581 ,⁶
87 526 226 578 11111111
250 536 287 573 111
302 534 428 573 litteris
454 533 614 581 agitasse,
640 534 679 569 ut
703 532 739 569 in
763 533 806 571 iis
830 532 897 570 sibi
921 531 1068 580 gloriam
1093 533 1230 579 pararet
1255 534 1299 576 et,
1326 532 1355 569 si
1372 531 1597 579 magistratus
1615 531 1724 581 cepis-

67 592 70 597 ’
126 582 195 637 set,
221 603 296 629 rem
314 592 494 638 publicam
518 591 693 642 cognitam
716 591 871 626 haberet.
922 590 1106 635 Expressis
1131 590 1223 626 enim
1248 591 1363 625 verbis
1387 590 1473 625 dicit
1505 589 1595 634 (Cat.
1621 590 1667 632 4,·
1682 591 1720 635 2)

81 672 83 674 v
131 650 355 689 ambitionem
378 647 505 685 malam
530 658 568 689 88
594 647 635 684 ab
661 647 798 695 incepto
824 647 1006 704 studioque
1031 645 1199 684 historiae
1238 647 1438 684 scribendae
1464 645 1653 684 detinuisse
1688 647 1728 684 et

130 721 177 747 se
181 711 211 756 1)
236 710 273 745 111
297 709 537 755 cognoscenda
562 707 737 753 republica
759 706 917 743 1118118111
952 718 1184 753 magnamque
1222 718 1340 742 curam
1372 706 1536 743 habuisse
1569 717 1640 742 non
1663 706 1721 750 ita,

85 777 98 811 ’,
130 767 193 803 uti
205 765 449 812 magistratum
473 765 576 800 modo
614 766 770 810 caperet,
805 774 909 809 quam
934 763 1034 799 multi
1058 763 1158 798 malis
1184 763 1314 799 artibus
1340 763 1456 809 adepti
1481 765 1621 806 essent,
1660 763 1724 800 sed

0 845 51 868 n
83 820 94 825 ”
132 825 247 868 8118111,
273 823 325 860 811
348 821 598 870 rempublicam
623 822 717 859 domi
740 820 964 868 militiaeque,
993 823 1227 869 quantumque
1253 820 1377 865 armis,
1411 820 1513 865 viris,
1548 791 1722 868 opulentia

129 884 257 929 posset,
284 882 458 928 cognitam
482 881 637 916 haberet.
688 880 781 915 Nam
820 881 911 925 quod
936 881 1010 925 ipse
1044 881 1079 914 in
1113 879 1185 915 Cat.
1221 881 1261 922 3,
1301 880 1321 915 1
1357 879 1652 915 adulescentulum
1685 889 1722 915 88

66 967 69 968 ⁷
95 932 106 987 ‘b
129 939 226 978 initio
252 938 366 976 studio
392 938 434 982 ad
459 948 533 975 rem
559 932 732 985 publicam
756 936 865 974 latum
882 947 958 974 esse
984 939 1019 974 et
1045 947 1097 984 ep.
1112 936 1147 973 Π
1172 937 1215 973 811
1232 936 1328 974 Caes.
1347 935 1374 981 I,
1401 937 1422 973 3
1440 936 1506 973 sibi
1524 935 1722 973 adulescen-

130 998 201 1036 tulo
225 998 379 1035 studium
404 998 511 1034 fuisse
537 996 785 1043 rempublicam
811 1008 991 1043 capessere
1017 997 1120 1040 dicit,
1156 999 1195 1032 ut
1232 997 1275 1032 ad
1312 997 1443 1043 primos
1469 995 1722 1033 adulescentiae

107 1065 235 1091 annos
268 1054 427 1096 referam,
462 1064 573 1099 neque
607 1054 722 1096 verbo,
762 1053 1093 1096 „adulescentulus“,
1129 1064 1197 1098 quo
1231 1064 1301 1088 non
1334 1056 1406 1088 tam
1442 1055 1592 1088 aetatem
1616 1063 1720 1098 quam

128 1112 312 1150 iuvenilem
344 1112 517 1159 quendam
550 1112 708 1149 ardorem
742 1114 792 1148 et
810 1111 966 1159 vigorem
999 1110 1187 1159 significari
1228 1111 1315 1148 bene
1357 1110 1533 1148 adnotavit
1574 1109 1720 1149 Dietseh

67 1199 70 1200 γ
128 1164 172 1206 ad
196 1171 320 1213 locum,
346 1181 458 1216 neque
483 1170 587 1215 verbo
617 1170 752 1212 „initio“
791 1170 959 1212 adducor,
986 1180 1053 1215 quo
1087 1181 1157 1205 non
1182 1169 1433 1205 adulescentiae
1466 1169 1622 1212 initium,
1658 1169 1720 1205 sed

116 1228 253 1275 ‘agendi
285 1227 383 1274 quasi
408 1226 543 1273 publice
576 1226 783 1272 principium
817 1226 1005 1273 significari
1038 1226 1126 1262 mihi
1161 1226 1304 1262 videtur.
1359 1225 1487 1261 Primis
1521 1236 1603 1273 ergo
1639 1225 1721 1261 adu-

127 1286 311 1322 lescentiae
345 1285 443 1322 annis
469 1284 668 1321 Sallustium
701 1284 826 1321 litteris
861 1295 897 1321 se
931 1284 1068 1322 dedisse
1101 1284 1242 1321 infitiari
1280 1284 1335 1320 vix
1373 1285 1556 1332 quisquam
1592 1285 1719 1332 potest.

129 1343 222 1388 Quae
255 1354 336 1379 vero
368 1350 410 1379 ea
442 1343 636 1378 litterarum
670 1343 783 1378 studia
816 1342 954 1386 fuerint,
991 1353 1069 1378 eum
1102 1342 1238 1379 aliunde
1273 1345 1347 1378 tum
1381 1354 1423 1379 ex
1457 1343 1565 1389 ipsius
1592 1342 1719 1379 Salusti

128 1402 265 1448 scriptis
292 1400 414 1437 confici
438 1402 561 1447 potest.
586 1400 680 1436 Nam
697 1410 815 1436 rerum
836 1402 1015 1447 gestarum
1036 1401 1221 1437 memoriae
1241 1401 1461 1447 potissimum
1482 1411 1621 1447 operam
1640 1411 1720 1437 eum

128 1469 272 1495 navasse
309 1470 389 1495 cum
428 1469 469 1494 ex
501 1458 573 1494 eius
599 1458 712 1493 studio
738 1459 995 1505 cognoscendae
1020 1458 1227 1504 reipublicae
1261 1461 1335 1494 tum
1359 1459 1508 1495 maxime
1533 1469 1575 1495 ex
1600 1470 1640 1495 eo
1665 1459 1717 1495 in-

128 1517 320 1564 tellegitur,
360 1517 451 1563 quod
485 1516 560 1562 ipse
596 1516 679 1551 dicit
703 1516 738 1551 in
764 1515 836 1551 Oat.
863 1516 896 1559 4,
924 1517 946 1552 2
972 1515 1014 1552 810
1041 1526 1081 1551 80
1115 1516 1228 1551 studio
1262 1517 1467 1563 inceptoque
1501 1527 1538 1553 88
1565 1516 1718 1552 8181118111

126 1574 333 1620 reipublicae
359 1573 557 1610 detinuisse.
611 1572 703 1617 Quae
738 1574 767 1608 si
801 1584 986 1620 componas
1021 1583 1100 1609 cum
1133 1573 1186 1622 iis,
1223 1584 1309 1620 quae
1343 1576 1424 1610 sunt
1457 1574 1494 1610 in
1527 1585 1580 1621 ep.
1606 1574 1642 1610 H
1675 1574 1719 1611 ad

127 1631 222 1670 Caes.
249 1632 291 1675 X,
320 1633 352 1675 3,
377 1632 448 1674 ubi,
474 1633 657 1678 postquam
683 1641 719 1667 se
745 1631 898 1666 animum
923 1632 960 1667 in
983 1631 1109 1667 litteris
1135 1632 1285 1679 agitasse
1310 1632 1414 1675 dixit,
1448 1632 1535 1668 haec
1569 1632 1717 1669 addidit:

128 1689 254 1737 ,Atque
279 1701 344 1737 ego
368 1689 405 1726 in
429 1700 469 1726 ea
493 1689 563 1725 vita
587 1688 696 1725 multa
720 1688 866 1736 legendo
892 1691 994 1737 atque
1020 1689 1188 1726 audiendo
1213 1690 1262 1726 ita
1279 1690 1441 1738 comperi,
1468 1690 1582 1727 omnia
1598 1701 1716 1738 regna,

125 1747 210 1783 item
235 1748 390 1783 civitates
415 1749 451 1783 et
474 1747 630 1783 nationes
655 1757 764 1793 usque
790 1758 830 1783 eo
854 1758 1060 1794 prosperum
1084 1748 1267 1794 imperium
1291 1748 1473 1792 habuisse,
1509 1749 1592 1785 dum
1625 1750 1717 1796 apud

127 1815 184 1840 eos
209 1815 290 1840 vera
315 1804 456 1840 consilia
488 1804 677 1849 valuerunt,
704 1806 803 1850 etqs,
838 1804 937 1841 facile
969 1805 1150 1852 intelleges
1183 1817 1262 1842 eum
1295 1807 1330 1841 in
1363 1807 1467 1843 rebus
1503 1806 1649 1853 publicis
1674 1817 1717 1844 ex

125 1872 242 1898 rerum
265 1864 443 1909 gestarum
467 1862 633 1898 memoria
659 1862 906 1909 cognoscendis
931 1862 1119 1909 plurimum
1144 1866 1318 1900 versatum
1343 1874 1430 1901 esse.
1455 1864 1602 1902 Accedit
1624 1864 1716 1912 quod

0 1955 31 1973 ,ᾖ
46 1947 57 1964 .>
127 1920 170 1956 de
195 1931 232 1956 88
256 1920 330 1967 ipse
355 1921 440 1956 dicit
464 1920 500 1956 in
525 1919 596 1956 Gat.
622 1910 679 1964 53,
705 1922 729 1957 2
754 1928 844 1967 seq.:
881 1920 949 1957 Sed
981 1920 1069 1957 mihi
1098 1921 1207 1958 multa
1238 1921 1385 1969 legenti,
1420 1922 1529 1959 multa
1552 1923 1713 1967 audienti,

126 1988 213 2023 quae
237 1978 384 2025 populus
408 1978 583 2016 Romanus
609 1978 701 2014 domi
735 1977 962 2025 militiaeque,
996 1980 1085 2015 mari
1116 1982 1218 2027 atque
1249 1982 1341 2016 terra
1364 1979 1540 2027 praeclara
1564 1980 1716 2017 facinora

36 2028 60 2081 *a
125 2029 217 2079 fecit,
244 2036 332 2072 forte
357 2036 469 2073 lubuit
493 2037 670 2073 attendere
696 2038 795 2083 etqs,
821 2037 913 2073 unde
930 2036 1030 2074 facile
1048 2037 1188 2086 colliges
1207 2038 1393 2075 Salustium
1407 2050 1515 2085 usque
1540 2039 1583 2075 ad
1600 2038 1715 2083 Catili-

0 2096 63 2137 ,fit-4
124 2093 239 2130 neriae
264 2094 335 2133 fere
360 2095 603 2131 coniurationis
621 2096 777 2141 tempora
793 2105 910 2131 rerum
926 2097 1104 2142 gestarum
1122 2096 1235 2133 studia
1251 2108 1321 2133 non
1340 2097 1577 2141 intermisisse,
1603 2097 1715 2145 iisque

0 2158 91 2201 *³27
123 2149 294 2187 intentum
318 2152 427 2188 multa
451 2152 627 2199 praeclara
650 2152 802 2188 facinora
826 2152 943 2199 populi
960 2153 1105 2189 Romani
1129 2153 1255 2201 legisse
1281 2154 1389 2190 multa
1413 2154 1608 2202 audiisse2).
1644 2155 1715 2192 Ne-

0 2203 30 2258 '¹⁴4ss
63 2231 87 2236 -ι
123 2217 190 2254 que
215 2208 327 2245 solum
348 2210 583 2247 Romanorum
610 2210 671 2246 sed
697 2210 801 2246 etiam
839 2209 982 2247 aliarum
1014 2212 1172 2263 gentium
1205 2223 1260 2248 res
1293 2214 1409 2259 gestas
1442 2222 1479 2249 se
1512 2213 1715 2260 cognovisse

0 2263 29 2321 Ξ]
123 2267 296 2311 expressis
321 2268 436 2304 verbis
462 2268 577 2303 addit:
606 2267 865 2315 „Cognoveram
890 2269 1026 2315 (inquit)
1053 2298 1060 2305 .
1089 2299 1096 2305 .
1125 2298 1132 2306 .
1167 2270 1325 2306 facundia
1350 2270 1548 2306 Graecos
1561 2299 1569 2314 ,
1603 2271 1715 2318 gloria

0 2320 50 2383 {r
65 2325 94 2355 ²:
122 2319 203 2359 belli
229 2322 385 2361 Gallos
420 2327 500 2363 ante
521 2325 697 2362 'Romanos
723 2326 864 2363 fuisse.“
914 2326 1007 2363 Nam
1031 2328 1075 2364 ad
1100 2326 1314 2364 Catilinariae
1351 2327 1595 2365 coniurationis
1628 2331 1714 2367 tem-

3 2376 58 2435 g}
110 2391 206 2427 pora
230 2391 300 2417 non
335 2383 378 2419 ad
412 2394 469 2427 ea,
505 2384 630 2431 quibus
664 2384 707 2424 de
740 2395 780 2420 ea
813 2385 953 2432 scripsit
977 2384 1161 2429 Salustius,
1187 2385 1273 2422 11888
1298 2385 1371 2423 8188
1397 2386 1502 2424 verba
1533 2387 1714 2425 referenda

5 2433 71 2462 ‘·-
116 2441 199 2474 ’8888
224 2441 259 2476 81
283 2442 467 2478 verborum
492 2444 653 2480 contextu
679 2454 859 2480 monemur
884 2446 919 2480 et
943 2443 1088 2480 Dietsch
1102 2444 1124 2489 ⁸)
1150 2445 1236 2482 bene
1262 2445 1447 2481 adnotavit.

237 2574 259 2611 ¹)
281 2584 324 2612 ep.
344 2577 365 2604 Π
385 2578 418 2605 ad
439 2577 514 2606 Caes.
534 2578 552 2612 1,
574 2579 599 2607 5.

235 2621 261 2659 ¹)
281 2623 332 2651 vid.
354 2623 463 2653 Dietsch
483 2626 516 2654 ad
536 2626 555 2655 1.
574 2626 591 2655 l.

234 2669 257 2709 υ)
275 2671 361 2719 praef.
380 2681 407 2710 p.
428 2673 467 2702 2⁴.
