1873 2859
1676 74 1723 111 39

137 184 369 223 ramus‚,³eur
394 179 484 216 Piso·
510 182 546 217 et
580 179 715 217 Paulus.
745 177 927 217 Curionem
965 182 1002 216 et
1026 178 1147 227 ipsum
1185 177 1337 217 Caelium
1374 182 1455 217 nota
1491 179 1724 224 liberaverint,

137 238 321 278 Salustium
346 250 415 279 non
440 239 511 275 sint
536 239 666 275 tutati?
691 238 789 284 Quod
815 239 907 275 enim
945 241 1062 285 aperte
1087 242 1122 276 et
1146 239 1248 286 plane
1281 239 1364 275 dicit
1388 239 1472 275 Dio:
1506 236 1624 286 ἐκείνῳ
1662 240 1726 285 (τῷ

135 292 294 341 Ἀππίῳ)
312 296 374 330 οὐκ
398 294 590 342 ἅντέπραξε
607 296 640 341 (ὁ
666 293 800 340 Πίσων)
826 323 833 330 .
861 323 868 331 .
896 323 904 331 .
929 296 990 329 τόν
1014 293 1178 342 Κρίσπον
1201 296 1262 331 τόν
1286 295 1499 330 Σαλούστιον
1524 324 1532 331 .
1559 324 1567 331 .
1596 323 1605 332 .
1632 296 1724 331 ἀπε-

133 354 275 391 zucam
300 380 308 388 .
334 357 379 397 .“‚
408 365 476 390 non
500 353 587 390 mihi
612 354 747 390 videtur
772 357 847 390 ess'e
872 353 1137 401 neglegendum.
1162 355 1279 401 Atque
1305 365 1370 402 ego
1396 353 1583 391 Salustium
1609 366 1721 402 neque

132 413 275 450 crimina
298 423 410 458 neque
436 415 596 448 senatum
621 413 708 448 tanti
733 412 857 448 fecisse
874 412 1077 458 putaverim,
1104 415 1142 447 ut
1158 413 1294 448 Pisonis
1320 412 1484 448 auxilium
1510 413 1720 459 imploraret,

132 471 290 507 Pisonem
316 481 380 506 nec
407 470 553 506 voluisse
588 481 652 506 nec
676 470 828 516 potuisse
863 481 999 506 servare
1034 469 1220 506 Salustium
1256 473 1315 506 aut
1352 471 1484 517 flagitia
1521 471 1718 507 confessum

132 530 190 564 aut
214 528 340 563 arctius
366 539 403 563 se
429 539 508 563 cum
525 518 670 564 Caesare
696 528 968 563 coniuncturum.
1020 526 1132 572 Quare
1156 539 1225 563 non
1251 529 1343 564 omni
1370 539 1412 564 ex
1437 531 1534 574 parte
1553 529 1722 564 convicia-

132 585 214 621 toris
241 596 316 621 esse
341 585 427 621 mihi
454 586 612 621 videntur
636 596 677 621 ea
702 585 829 627 verba,
856 597 946 632 quae
971 588 1052 621 sunt
1076 585 1112 621 in
1136 585 1309 621 Invectiva
1334 587 1366 628 6,
1395 587 1439 623 16
1464 585 1564 621 Iord:
1591 587 1722 633 ecquod

131 644 222 680 hunc
247 654 384 679 movere
422 644 549 689 possit,
587 646 704 689 patres
729 644 939 690 conscripti,
978 644 1108 679 factum
1133 646 1191 679 aut
1215 644 1346 680 dictum
1371 645 1489 690 turpe,
1526 655 1627 690 quem
1653 656 1721 680 non

131 701 292 748 puduerit
315 701 427 747 palam
454 702 548 737 vobis
573 702 790 737 audientibus
815 701 1020 737 adulterium
1046 701 1211 744 confiterI,
1238 702 1361 747 quodsi
1388 701 1450 737 tibi
1475 713 1538 747 per
1562 713 1618 737 me
1635 702 1723 737 nihil

132 759 340 806 respondere
368 758 564 806 voluissem,
591 760 651 796 sed
676 758 760 796 illud
785 758 977 796 censorium
995 758 1167 807 eloquium
1192 760 1285 807 Appi
1303 759 1422 797 Claudi
1448 763 1483 797 et
1507 759 1545 796 L.
1574 760 1721 804 Pisonis,

133 818 434 864 integerrimorum
459 818 619 861 virorum,
646 829 713 864 quo
738 829 821 853 usus
847 821 900 854 est
924 819 1069 864 quisque
1094 829 1223 861 eorum,
1250 830 1312 864 pro
1337 819 1414 865 lege
1439 819 1553 865 palam
1586 819 1721 855 univer-

132 875 179 910 sis
205 876 405 918 recitarem,
432 887 545 911 nonne
571 876 633 911 tibi
659 876 793 912 viderer
820 878 979 912 aeternas
1003 876 1140 912 inurere
1166 876 1326 919 maculas,
1361 887 1447 923 quas
1483 876 1616 923 reliqua
1653 877 1722 912 vita

131 934 188 968 tua
213 932 327 968 eluere
352 944 420 968 non
446 933 591 978 posset?
616 933 738 978 Neque
763 936 843 979 post
867 933 963 968 illum
982 933 1145 969 dilectum
1162 936 1301 969 senatus
1319 934 1466 969 vidimus
1486 936 1529 976 te,
1548 934 1614 969 nisi
1632 935 1720 969 forte

131 990 165 1024 in
190 1000 230 1025 ea
256 992 289 1025 te
315 992 428 1025 castra
454 990 640 1033 coniecisti,
667 1001 734 1036 quo
761 991 870 1026 omnis
897 991 1033 1026 sentina
1057 991 1107 1027 rei
1142 990 1298 1037 publicae
1332 992 1573 1028 confluxerat.“
1626 990 1720 1038 Ergo

130 1058 191 1093 per
224 1059 362 1083 causam
397 1059 532 1083 morum
564 1047 732 1084 malorum
768 1048 954 1083 Salustium
988 1050 1109 1084 senatu
1146 1051 1278 1084 motum
1312 1059 1387 1084 esse
1421 1059 1523 1084 nemo
1570 1049 1721 1095 negabit.

132 1105 200 1140 Sed
224 1106 267 1140 de
292 1105 348 1140 his
374 1105 439 1141 alio
472 1108 643 1151 tempore,
678 1117 745 1151 quo
779 1107 821 1141 de
847 1106 999 1141 moribus
1034 1108 1069 1142 et
1102 1106 1239 1152 scriptis
1277 1105 1312 1142 O.
1338 1105 1465 1142 Salusti
1498 1106 1719 1149 disseremus,

131 1163 269 1198 uberius
295 1173 516 1209 exponemuS,
543 1175 633 1199 nunc
658 1164 889 1210 inquiramus:

292 1270 397 1323 Cap.
430 1268 507 1311 XI.
539 1267 665 1320 Quid
695 1268 932 1312 Salustius
968 1269 1138 1312 senatu
1167 1270 1321 1312 motus
1350 1268 1552 1313 fecerit?

247 1384 362 1429 Atque
388 1384 431 1418 ad
458 1383 658 1426 Caesarem,
693 1395 713 1419 a
747 1384 843 1419 cuius
874 1384 1029 1429 partibus
1065 1384 1132 1419 iam
1166 1384 1299 1430 pridem
1335 1385 1441 1427 stetit,
1468 1395 1505 1420 se
1531 1384 1717 1420 contulisse

130 1440 317 1475 Salustium
343 1451 420 1475 cum
447 1452 488 1475 ex
514 1441 633 1475 Dionis
661 1441 729 1483 (40,
757 1443 812 1482 63,
845 1442 879 1484 3)
905 1444 940 1475 et
965 1441 1159 1476 invectivae
1184 1443 1239 1485 (6,
1268 1442 1326 1485 16)
1352 1441 1475 1484 verbis,
1504 1451 1590 1487 quae
1616 1442 1719 1477 modo

128 1497 352 1541 laudavimus,
380 1500 453 1533 tum
478 1498 627 1534 maxime
653 1509 693 1534 ex
708 1497 881 1534 Ciceronis
908 1501 942 1534 et
960 1498 1051 1534 Caeli
1077 1498 1233 1545 epistulis
1262 1499 1326 1534 sub
1353 1498 1458 1535 finem
1483 1499 1563 1534 anni
1589 1500 1718 1545 704s50

129 1556 266 1601 scriptis
292 1555 512 1601 intellegitur.
563 1555 660 1599 Quod
693 1556 785 1591 enim
819 1555 951 1591 Caelius
986 1556 1053 1592 iam
1086 1567 1203 1592 mense
1229 1556 1425 1601 Septembri
1458 1556 1674 1602 praeviderat
1692 1558 1717 1601 ¹)

128 1613 188 1647 Cn.
214 1613 418 1657 Pompeium
443 1615 600 1647 senatum
625 1612 843 1654 habiturum,
878 1613 922 1647 ad
946 1612 1127 1648 Caesarem
1162 1623 1291 1655 omnes,
1318 1613 1376 1658 qui
1402 1623 1480 1648 cum
1510 1613 1633 1649 timore
1659 1617 1718 1648 aut

128 1669 217 1705 mala
244 1680 304 1716 spe
330 1670 455 1712 vivant,
494 1676 723 1713 accessuros‚“
761 1670 796 1705 id
831 1672 866 1705 et
897 1670 970 1716 ipse
996 1673 1031 1706 et
1066 1669 1166 1706 multi
1203 1670 1259 1706 alii
1297 1670 1397 1715 paulo
1435 1673 1514 1716 post
1549 1671 1715 1707 fecerunt.

128 1727 255 1764 Scribit
279 1728 371 1763 enim
397 1727 465 1763 Cic.
494 1728 537 1763 ad
562 1728 635 1764 Att.
654 1728 701 1773 5²):
733 1728 826 1770 „Hoc
851 1728 949 1764 video
975 1739 1053 1764 cum
1077 1727 1217 1764 homine
1237 1728 1466 1764 audacissimo
1483 1729 1717 1774 paratissimo·

128 1796 194 1831 que
212 1785 388 1832 (Caesare)
414 1786 591 1832 negotium
617 1796 692 1821 esse
706 1798 713 1821 z
727 1796 859 1822 omnes
878 1787 1074 1829 damnatos,
1104 1797 1222 1822 omnes
1247 1785 1435 1832 ignominia
1459 1785 1621 1829 adfectos,
1644 1797 1716 1822 om-

127 1855 187 1880 nes
213 1844 431 1880 damnatione
450 1844 705 1891 ignominiaque
731 1844 853 1891 dignos
879 1843 959 1880 illuc
984 1844 1111 1887 facere,
1138 1855 1276 1880 omnem
1299 1844 1371 1880 fere
1394 1844 1617 1887 iuventutem,
1644 1856 1720 1881 orn->

127 1912 206 1937 nem
231 1902 325 1937 illam
349 1903 517 1937 urbanam
542 1913 581 1937 ac
605 1902 776 1948 perditam
801 1901 956 1948 plebem,
977 1902 1138 1937 tribunos
1163 1901 1314 1937 valentes
1340 1902 1456 1937 addito
1482 1900 1545 1946 Qu.
1584 1900 1713 1946 Cassio,

128 1970 246 1996 omnes
272 1960 331 2006 qui
356 1971 434 1996 aere
459 1959 570 1995 alieno
595 1962 809 2006 premuntur,
836 1971 921 2006 quos
946 1959 1062 2006 plures
1088 1970 1164 1996 esse
1188 1959 1349 2006 intellego
1362 1987 1372 2003 ‚
1408 1971 1511 2006 quam
1544 1963 1713 2006 putaram.

129 2017 245 2053 Vnum
271 2019 314 2054 de
340 2017 464 2053 Caelio.
494 2018 640 2053 Tantum
666 2018 773 2060 abest,
809 2020 847 2052 ut
883 2028 996 2053 meam
1027 2017 1084 2053 ille
1116 2018 1323 2053 sententiam
1356 2020 1510 2060 moveat,
1545 2020 1584 2053 ut
1616 2018 1714 2054 valde

126 2076 291 2121 egoipsi,
318 2077 409 2121 quod
434 2076 476 2111 de
502 2086 569 2111 sua-
586 2076 759 2111 sententia
783 2075 980 2117 decesserit,
1006 2074 1251 2121 poenitendum
1282 2077 1402 2121 putem
1428 2103 1434 2110 .
1462 2103 1470 2110 .
1498 2104 1504 2110 .
1530 2074 1593 2111 Ille
1618 2075 1715 2121 (an-

124 2134 192 2179 sar)
218 2133 304 2169 mihi
328 2133 460 2169 litteras
488 2133 627 2169 blandas
644 2134 761 2176 mittit,
788 2133 869 2168 facit
894 2133 986 2168 idem
1003 2144 1065 2179 pro
1090 2143 1130 2168 eo
1149 2132 1286 2168 Balbus.
1311 2132 1400 2168 Mihi
1425 2136 1559 2168 certum
1576 2136 1641 2176 est,
1668 2135 1712 2169 ab

124 2189 368 2227 honestissima
394 2191 565 2227 sententia
589 2191 736 2238 digitum
761 2201 931 2236 nusquam
959 2219 965 2226 .
994 2217 1001 2224 .
1029 2217 1037 2225 .
1064 2218 1072 2225 .
1098 2190 1242 2227 Bibulus
1267 2191 1309 2226 de
1342 2190 1516 2236 provincia
1550 2191 1709 2234 decessit,

125 2247 350 2285 Veientonem
375 2249 548 2295 praefecit.
600 2249 641 2284 In
666 2249 862 2285 decedendo
888 2248 963 2291 erit,
989 2250 1028 2284 ut
1052 2248 1162 2291 audio,
1190 2248 1350 2284 tardior.“
1404 2247 1515 2292 Quare
1541 2249 1571 2285 si
1596 2252 1714 2285 noster

126 2306 189 2341 fuit
213 2306 270 2342 illo
295 2306 331 2342 G.
357 2306 544 2349 Salustius,
580 2307 639 2352 qui
662 2306 710 2342 M.
736 2306 859 2342 Bibulo
892 2307 925 2341 in
952 2306 1052 2352 Syria
1083 2316 1149 2351 pro,
1180 2308 1359 2350 quaestore
1385 2305 1450 2341 fuit
1462 2306 1500 2350 ⁸),
1536 2317 1601 2352 ego
1634 2317 1713 2342 eum

125 2363 226 2408 paulo
253 2366 332 2399 ante
357 2364 432 2399 Kal.
467 2363 548 2400 Dec.
576 2364 751 2409 provincia
784 2364 954 2399 decessise
989 2366 1041 2406 et,
1076 2374 1154 2398 cum
1192 2365 1311 2397 senatu
1344 2365 1458 2398 motus
1491 2374 1569 2399 aere
1603 2363 1713 2399 alieno

125 2424 349 2466 premeretur,
375 2424 540 2468 protenus
566 2422 609 2457 ad
634 2420 815 2458 Gaesarem
840 2432 877 2458 se
902 2421 1087 2458 contulisse
1113 2420 1314 2466 putaverim.
1365 2420 1435 2464 Sin,
1471 2421 1506 2456 id
1530 2422 1622 2467 quod
1649 2433 1713 2468 ego

124 2481 224 2523 puto,
252 2480 287 2516 in
312 2480 396 2516 urbe
431 2479 540 2515 adfuit
574 2482 665 2523 tum,
704 2490 782 2516 cum
816 2481 936 2516 senatu
961 2481 1074 2515 motus
1109 2480 1163 2514 est
1196 2480 1328 2524 (mense
1364 2478 1598 2525 (Septembri),
1634 2490 1713 2516 cum

238 2567 260 2604 ¹)
281 2567 333 2595 Cic.
356 2568 416 2595 farn.
439 2568 465 2601 8,
488 2567 531 2602 14,
552 2567 568 2594 3

237 2614 260 2652 ²)
284 2616 309 2649 7,
330 2617 356 2650 3,
378 2617 394 2643 6
416 2624 456 2652 sq.
480 2615 518 2644 VI.
539 2615 575 2645 ld.
596 2615 658 2644 Dec.
681 2615 791 2653 704150.

241 2662 264 2702 ¹)
286 2663 340 2692 Cic.
363 2664 423 2692 sam.
448 2664 475 2699 2,
497 2664 541 2692 17.
