1873 2859
138 11 169 72 ἓ

139 117 284 166 videtur,
311 115 515 162 cicer01)
550 115 609 160 „in
646 114 886 167 Sallentinis“,
923 113 1139 157 Plinius¹)
1173 112 1408 158 „Salentini“‚
1448 112 1646 158 „Salentino
1681 113 1719 152 in

137 185 221 222 agro
233 174 293 217 ὅγ’,
319 173 380 209 sed
395 172 582 210 Sallentina
606 164 695 209 oliva
708 171 748 218 ⁴),
773 171 1009 220 Vergilius
1025 171 1049 216 5)
1075 170 1288 209 Sallentinos.
1314 170 1514 209 Graecos
1537 170 1719 220 plerosque

136 232 316 279 scripsisse
340 230 551 274 Σαλεντῖνοι,
588 240 716 278 paucos
752 228 981 272 Σαλλεντῖνοι,
1020 229 1180 277 cognosci
1212 231 1327 276 potest
1365 239 1407 265 ex
1429 227 1719 277 Benseleri-Papii

137 289 261 325 Lexico
286 288 351 324 sub
367 299 460 325 voce.
485 287 643 324 Eundem
667 287 740 323 fere
765 287 800 323 in
809 287 950 323 modum
964 286 1074 322 variat
1097 286 1266 333 scriptura
1278 286 1372 324 verbi
1397 284 1614 329 Salluvii,
1640 296 1720 323 cum

135 345 228 383 enim
253 344 419 381 Graeci
443 343 587 388 Σάλυες,
626 343 786 380 Livius
824 343 905 390 (31,
933 343 992 389 10)
1018 341 1122 390 Salyi,
1147 342 1333 380 Plinius
1369 342 1428 389 (N.
1464 341 1501 379 h.
1540 343 1573 386 3,
1609 342 1644 387 4,
1681 343 1719 389 5)

140 402 247 449 Sallyi
285 402 474 444 scriberet,
519 401 556 437 in
594 401 715 438 eodem
750 401 847 437 Livio
885 397 1016 437 edendo
1053 400 1380 437 Weissenborn
1417 399 1556 446 scripsit
1591 398 1719 436 Saluvii

139 460 187 506 (3,
214 459 270 502 34,
297 458 320 496 7
345 460 380 495 et
404 458 460 501 21,
487 459 543 501 26,
571 458 618 504 3),
644 458 785 495 Hertz
809 457 937 494 ibidem
962 456 1125 501 Salluvii,
1151 457 1254 494 Ianus
1290 457 1326 494 in
1351 457 1403 494 ed.
1431 456 1541 493 Plinio
1579 455 1718 494 Salluvii

137 518 184 564 (n.
210 516 245 553 h.
273 517 318 560 3,
345 517 410 560 36;
437 517 481 559 3,
507 514 573 560 47;
600 517 643 559 3,
672 516 781 563 124),
806 514 909 551 Halm
933 515 969 551 in
994 515 1126 551 edendo
1150 514 1254 552 Floro
1280 516 1326 562 (3,
1351 516 1385 558 2,
1412 515 1453 559 3;
1477 516 1511 558 2,
1538 516 1570 558 3,
1597 514 1634 558 5)
1658 514 1718 551 Sa-

135 574 226 610 luvii.
276 573 376 609 Idem
414 573 466 609 vir
499 573 720 609 doctissimus
756 573 792 608 in
833 572 973 608 edendis
1007 571 1115 607 Taciti
1149 572 1286 619 scriptis
1322 571 1530 616 „Messalla“
1568 571 1717 618 quidem,

136 632 176 667 ut
206 632 345 667 acueret
369 629 535 677 syllabam
553 632 653 666 acuto
669 641 753 667 sono
769 629 971 677 praeditam,
996 628 1170 677 geminata
1196 628 1208 665 l
1232 629 1356 673 littera,
1383 629 1444 667 sed
1467 627 1718 674 „Messalinus“

137 691 172 725 et
199 688 443 732 ‚,Messalina“,
469 690 509 724 ut
544 688 764 725 submitteret
791 699 875 724 sono
900 689 1092 731 carentem,
1118 698 1187 723 una
1217 687 1229 723 l
1265 687 1380 725 littera
1416 688 1503 724 bene
1540 687 1719 734 scripsisse

137 746 224 782 mihi
250 746 393 782 videtur.
443 744 552 789 Quam
578 746 716 791 quidem
741 745 909 781 rationem
934 745 963 780 si
988 744 1023 779 in
1049 743 1175 780 Salusti
1200 755 1336 790 quoque
1360 744 1498 780 nomine
1535 743 1715 788 scribendo

136 803 233 850 sequi
257 802 348 846 licet,
373 802 501 839 rectius
526 813 594 838 una
618 813 722 849 quam
745 802 920 850 geminata
942 800 955 837 l
978 800 1093 837 littera
1117 801 1336 838 scribendum
1359 801 1457 838 nobis
1482 801 1558 838 erit.

255 860 324 896 Sed
348 870 392 895 ne
418 860 500 905 quid
525 859 639 895 minus
664 860 847 906 probatum
871 861 1038 902 statuam,
1063 858 1131 895 hoc
1154 870 1261 895 unum
1286 870 1327 895 ex
1352 859 1543 903 codicibus,
1569 858 1713 906 inscrip-

137 917 296 960 tionibus,
323 917 486 960 nummis,
506 917 715 954 Graecorum
739 928 804 953 usu
818 916 1001 959 scribendi,
1025 917 1204 962 poetarum
1228 915 1596 963 grammaticorumque
1620 927 1718 963 prac-

137 975 245 1021 ceptis
271 974 469 1017 conficiam,
495 976 535 1009 ut
558 984 669 1020 neque
695 974 900 1020 scripturam
923 983 1035 1019 neque
1060 983 1181 1008 sonum
1213 972 1225 1008 l
1260 972 1394 1010 litterae
1434 973 1525 1020 apud
1561 973 1719 1020 antiquos

135 1032 202 1068 sibi
227 1031 422 1067 constitisse
454 1032 669 1074 contendam,
708 1030 791 1067 alios
817 1031 918 1073 enim,
953 1030 1011 1076 qui
1048 1030 1285 1077 neglegentius
1310 1030 1472 1074 dicerent,
1503 1030 1718 1077 pinguiorem

137 1088 317 1135 reliquisse
334 1087 493 1123 llitterae
511 1098 640 1123 sonum
653 1088 681 1132 ὃ)
706 1098 817 1133 neque
831 1098 906 1123 eam
923 1087 1103 1123 scribendo
1119 1087 1325 1133 geminasse,
1350 1086 1444 1130 alios,
1470 1097 1549 1123 cum
1575 1087 1720 1134 antiqui-

134 1147 242 1183 tatem
268 1147 327 1181 aut
359 1144 589 1181 rusticitatem
622 1144 688 1181 sibi
714 1155 835 1192 sapere
861 1144 1035 1181 videretur
1060 1155 1164 1181 sonus
1196 1144 1374 1192 pinguior,
1409 1144 1584 1182 exiliorem
1620 1145 1719 1182 effor-

135 1214 249 1239 masse
274 1203 347 1239 eius
372 1201 507 1239 litterae
531 1213 655 1238 sonum
680 1213 823 1249 eamque
849 1202 1030 1239 scribendo
1054 1202 1258 1249 geminasse.

252 1260 337 1296 Inde
363 1259 470 1295 oritur
495 1259 655 1306 quaestio
681 1259 846 1306 capitalis,
872 1262 968 1296 utros
993 1259 1067 1307 ipse
1092 1259 1127 1295 in
1152 1270 1213 1295 suo
1227 1259 1365 1296 nomine
1391 1259 1571 1296 scribendo
1583 1262 1719 1298 secutus

134 1318 181 1353 sit
194 1317 390 1354 Salustius?
413 1316 460 1352 Et
472 1316 538 1352 hac
552 1317 691 1363 quidem
716 1317 752 1352 in
768 1328 805 1353 re
827 1316 1019 1360 Gerlachio,
1046 1316 1232 1353 Salustium
1244 1317 1358 1363 ipsum
1382 1327 1482 1353 suum
1505 1329 1631 1354 nomen
1650 1329 1719 1355 non

133 1374 308 1422 geminata
320 1374 382 1410 sed
394 1373 486 1410 unal
509 1373 624 1411 littera
635 1374 827 1420 scripsisse,
854 1375 1109 1410 concedendum
1134 1385 1209 1410 esse
1234 1376 1328 1420 puto.
1354 1374 1451 1410 Licet
1463 1375 1554 1411 enim
1578 1385 1647 1411 non
1674 1376 1720 1411 sit

134 1432 341 1478 negandum,
367 1432 403 1466 et
426 1430 509 1466 alias
534 1431 754 1467 semivocales
768 1433 803 1467 et
826 1430 838 1466 l
862 1431 1012 1467 litteram
1035 1430 1162 1466 Salusti
1180 1431 1391 1477 temporibus
1403 1430 1505 1478 vulgo
1529 1431 1597 1467 iam
1611 1432 1719 1479 gemi-

133 1491 231 1524 natas
257 1498 344 1531 esse,
372 1487 558 1524 Salustium
584 1490 699 1524 tamen
724 1488 853 1534 ipsum,
880 1490 919 1523 ut
944 1499 1021 1524 cum
1046 1488 1081 1523 in
1107 1487 1181 1523 aliis
1207 1489 1280 1523 tum
1304 1487 1370 1524 hac
1394 1488 1430 1524 in
1465 1494 1503 1524 re
1541 1489 1718 1536 antiquum

136 1545 310 1582 scribendi
335 1556 436 1581 usum
461 1556 617 1581 servasse
641 1547 770 1591 putem,
797 1547 832 1581 et
856 1545 1011 1581 codicum
1036 1545 1237 1581 auctoritate
1274 1548 1309 1582 et
1346 1545 1487 1582 aliorum
1525 1547 1717 1591 verborum,

132 1604 168 1639 in
205 1602 330 1649 quibus
363 1602 453 1638 inest
485 1602 497 1637 l
530 1602 663 1646 littera,
702 1602 962 1639 scribendorum
998 1603 1129 1639 ratione
1165 1602 1357 1640 Salustiana
1394 1604 1552 1640 adducor.
1601 1604 1718 1652 Atque

135 1660 292 1697 codicum
318 1660 556 1697 auctoritatem
580 1660 646 1696 hac
671 1660 707 1696 in
732 1671 769 1696 re
794 1660 935 1708 infringi
960 1672 1028 1696 non
1051 1672 1153 1707 posse
1179 1672 1281 1707 supra
1306 1661 1394 1697 dixi:
1422 1661 1508 1698 Cum
1533 1662 1625 1698 enim
1648 1674 1717 1700 non

134 1720 244 1761 esset,
280 1729 342 1754 cur
366 1729 470 1753 unam
494 1729 557 1764 pro
581 1719 755 1765 geminata
787 1718 799 1753 l
823 1717 938 1754 littera
974 1718 1164 1754 scriberent
1187 1718 1326 1762 librarii,
1366 1730 1469 1755 unam
1505 1719 1517 1755 l
1553 1720 1717 1767 scriptam

135 1777 178 1812 ad
204 1775 392 1812 Salustium
418 1776 559 1822 eiusque
583 1776 713 1823 primos
738 1775 894 1812 librarios
920 1776 1136 1813 referendam
1150 1805 1158 1820 ,
1183 1777 1392 1824 geminatam
1429 1777 1595 1814 seriorum
1632 1780 1717 1815 tem-

132 1844 256 1880 porum
293 1834 370 1869 usui
403 1834 620 1870 tribuendam
645 1844 720 1869 esse
747 1835 1014 1869 consentaneum
1039 1836 1101 1869 est.
1151 1834 1192 1869 In
1217 1834 1396 1870 scribenda
1420 1837 1535 1871 autem
1558 1835 1570 1871 l
1602 1835 1717 1873 littera
1748 1877 1755 1887 ‚

133 1890 322 1928 Salustium
347 1890 587 1937 antiquitatem
611 1901 679 1926 non
705 1892 924 1937 aspernatum
950 1901 1025 1928 esse
1050 1891 1155 1928 immo
1180 1903 1260 1929 vero
1284 1891 1461 1930 affectasse
1486 1904 1527 1930 ex
1552 1905 1592 1932 eo
1623 1893 1715 1932 colli-

131 1949 257 1996 gimus,
284 1950 376 1995 quod
408 1949 534 1985 milia
551 1949 588 1994 ⁷),
615 1960 693 1985 cum
718 1949 753 1984 in
778 1949 1002 1985 Monumento
1026 1950 1113 1986 Anc.
1150 1961 1285 1996 semper
1318 1951 1491 1996 geminata
1525 1950 1639 1988 littera
1671 1953 1717 1988 sit

131 2007 299 2052 scriptum
315 2006 354 2051 ⁸),
380 2017 556 2053 nunquam
592 2007 766 2052 geminata
790 2006 802 2041 l
834 2005 949 2042 littera
985 2007 1163 2053 scripsisse
1199 2007 1343 2044 videtur.
1393 2007 1473 2043 Non
1498 2009 1589 2045 enim
1614 2008 1714 2046 aliam

131 2063 337 2111 scripturam
362 2075 404 2100 ex
428 2063 602 2100 codicibus
635 2064 746 2100 adfert
771 2064 913 2101 Dietsch
938 2064 974 2101 in
998 2067 1162 2112 apparatu
1187 2065 1315 2102 critico.

251 2121 300 2157 At
335 2121 475 2168 scripsit
499 2121 690 2158 Salustius:
724 2121 874 2158 sollertia
899 2121 987 2169 (Iug.
1014 2122 1046 2165 7,
1073 2122 1128 2168 7),
1155 2123 1422 2160 sollertissumus
1448 2124 1521 2172 Iug.
1553 2126 1612 2171 (96
1629 2154 1637 2169 ,
1666 2125 1712 2172 1),

247 2209 271 2246 ¹)
291 2217 341 2246 pro
352 2208 432 2237 Rosc.
452 2208 509 2236 Am.
529 2208 575 2243 4⁶,
598 2208 661 2236 152.

247 2257 270 2294 ²)
290 2257 320 2285 N.
341 2256 367 2285 h.
389 2257 415 2291 5,
439 2257 483 2284 99.
635 2278 638 2282 .

245 2304 271 2342 ⁸)
294 2305 320 2339 Ξ,
338 2304 403 2332 uo.
418 2304 446 2335 3.
464 2304 511 2334 9⁹.
525 2304 558 2336 cf,
579 2305 605 2339 3,
620 2304 683 2332 ¹⁰5.
705 2304 769 2334 14⁵.

247 2351 273 2389 ⁴)
295 2352 336 2380 sic
356 2352 388 2380 Μ.
412 2353 455 2387 1⁵,
475 2352 512 2380 20
532 2352 593 2381 vide
607 2352 662 2381 ind.
682 2352 771 2381 lanis.
789 2363 813 2381 v.

246 2399 270 2437 ⁶)
290 2401 367 2435 Aen„
384 2401 412 2435 3,
424 2400 481 2428 wo
498 2400 551 2430 vid.
568 2400 682 2430 Ribbck.

245 2448 268 2481 ⁸)
289 2450 319 2476 ut
333 2450 426 2476 nostra
443 2448 557 2476 dialecto
580 2448 679 2485 „Sojs“
697 2458 747 2485 pro
767 2449 902 2486 ‚‚Sfiller“‚
923 2449 1022 2477 solario
1043 2450 1135 2477 dicunt
1154 2449 1254 2478 rustici.

248 2496 271 2533 ⁷)
292 2495 348 2524 Cat.
371 2496 419 2530 56,
441 2495 466 2523 2.
484 2496 539 2533 lug.
562 2496 607 2531 48,
626 2497 652 2524 5.
669 2497 705 2525 50
726 2497 742 2525 5
756 2497 821 2525 nist.
836 2497 867 2524 fr.
887 2497 913 2531 1,
933 2497 978 2531 61,
999 2497 1043 2525 67.
1064 2497 1089 2532 2,
1106 2498 1151 2526 85.
1169 2497 1259 2535 ⁴¹5²·
1282 2498 1327 2532 6¹,
1349 2499 1374 2526 6.
1397 2498 1441 2533 19,
1458 2499 1502 2527 22.
1519 2498 1595 2527 Conf.
1611 2499 1629 2527 1.
1655 2499 1700 2534 ¹15,

131 2544 156 2573 2.
173 2544 220 2579 81,
236 2545 261 2571 5.
275 2543 338 2578 106,
354 2544 380 2571 5.

244 2591 269 2628 ·)
291 2590 384 2621 Cone.
405 2591 515 2630 Auupr.
535 2591 546 2620 1
567 2592 630 2622 226.
