<?xml version="1.0" encoding="UTF-8"?>
<!DOCTYPE html PUBLIC "-//W3C//DTD XHTML 1.0 Transitional//EN"
    "http://www.w3.org/TR/xhtml1/DTD/xhtml1-transitional.dtd">
<html xmlns="http://www.w3.org/1999/xhtml" xml:lang="en" lang="en">
 <head>
  <title>
</title>
<meta http-equiv="Content-Type" content="text/html;charset=utf-8" />
  <meta name='ocr-system' content='tesseract 3.04.00' />
  <meta name='ocr-capabilities' content='ocr_page ocr_carea ocr_par ocr_line ocrx_word'/>
</head>
<body>
  <div class='ocr_page' id='page_1' title='image "./4771783_0040.png"; bbox 0 0 1873 2859; ppageno 0'>
   <div class='ocr_carea' id='block_1_1' title="bbox 143 116 1844 187">
    <p class='ocr_par' dir='ltr' id='par_1_1' title="bbox 143 116 1844 187">
     <span class='ocr_line' id='line_1_1' title="bbox 143 116 1844 187; baseline 0.004 -16"><span class='ocrx_word' id='word_1_1' title='bbox 143 135 336 180; x_wconf 79' lang='lat' dir='ltr'><strong>secretur1)</strong></span> <span class='ocrx_word' id='word_1_2' title='bbox 362 146 383 170; x_wconf 90' lang='lat' dir='ltr'><strong>a</strong></span> <span class='ocrx_word' id='word_1_3' title='bbox 406 133 553 172; x_wconf 83' lang='lat' dir='ltr'><strong>tribunis</strong></span> <span class='ocrx_word' id='word_1_4' title='bbox 577 133 784 181; x_wconf 85' lang='lat' dir='ltr'><strong>productum</strong></span> <span class='ocrx_word' id='word_1_5' title='bbox 808 145 884 173; x_wconf 84' lang='lat' dir='ltr'><strong>esse</strong></span> <span class='ocrx_word' id='word_1_6' title='bbox 910 133 953 173; x_wconf 85' lang='lat' dir='ltr'><strong>ad</strong></span> <span class='ocrx_word' id='word_1_7' title='bbox 977 133 1142 183; x_wconf 89' lang='lat' dir='ltr'><strong>populum</strong></span> <span class='ocrx_word' id='word_1_8' title='bbox 1166 138 1201 173; x_wconf 90' lang='lat' dir='ltr'><strong>et</strong></span> <span class='ocrx_word' id='word_1_9' title='bbox 1225 133 1413 177; x_wconf 76' lang='lat' dir='ltr'><strong>Salustium</strong></span> <span class='ocrx_word' id='word_1_10' title='bbox 1437 136 1506 176; x_wconf 82' lang='lat' dir='ltr'><strong>iam</strong></span> <span class='ocrx_word' id='word_1_11' title='bbox 1529 137 1575 176; x_wconf 80' lang='lat' dir='ltr'><strong>iis</strong></span> <span class='ocrx_word' id='word_1_12' title='bbox 1598 139 1730 187; x_wconf 61' lang='lat' dir='ltr'><strong>tentio-</strong></span> <span class='ocrx_word' id='word_1_13' title='bbox 1771 117 1773 120; x_wconf 90' lang='lat'>.</span> <span class='ocrx_word' id='word_1_14' title='bbox 1801 116 1808 121; x_wconf 49' lang='lat'><strong><em>„</em></strong></span> <span class='ocrx_word' id='word_1_15' title='bbox 1826 141 1844 167; x_wconf 64' lang='lat' dir='ltr'><strong>‘r</strong></span> 
     </span>
    </p>
   </div>
   <div class='ocr_carea' id='block_1_2' title="bbox 138 192 1732 883">
    <p class='ocr_par' dir='ltr' id='par_1_2' title="bbox 138 192 1732 750">
     <span class='ocr_line' id='line_1_2' title="bbox 143 192 1732 244; baseline 0.003 -13"><span class='ocrx_word' id='word_1_16' title='bbox 143 194 238 231; x_wconf 90' lang='lat' dir='ltr'><strong>ribus</strong></span> <span class='ocrx_word' id='word_1_17' title='bbox 272 204 351 230; x_wconf 85' lang='lat' dir='ltr'><strong>cum</strong></span> <span class='ocrx_word' id='word_1_18' title='bbox 381 192 470 229; x_wconf 83' lang='lat' dir='ltr'><strong>Rufo</strong></span> <span class='ocrx_word' id='word_1_19' title='bbox 504 194 538 229; x_wconf 93' lang='lat' dir='ltr'><strong>et</strong></span> <span class='ocrx_word' id='word_1_20' title='bbox 570 192 696 230; x_wconf 78' lang='lat' dir='ltr'>Planco</span> <span class='ocrx_word' id='word_1_21' title='bbox 738 193 917 231; x_wconf 75' lang='lat' dir='ltr'><strong>cotidianis</strong></span> <span class='ocrx_word' id='word_1_22' title='bbox 962 194 1177 232; x_wconf 88' lang='lat' dir='ltr'><strong>contionibus</strong></span> <span class='ocrx_word' id='word_1_23' title='bbox 1215 206 1377 244; x_wconf 84' lang='lat' dir='ltr'><strong>magnam</strong></span> <span class='ocrx_word' id='word_1_24' title='bbox 1413 197 1578 234; x_wconf 82' lang='lat' dir='ltr'><strong>invidiam</strong></span> <span class='ocrx_word' id='word_1_25' title='bbox 1609 197 1732 235; x_wconf 79' lang='lat' dir='ltr'><strong>Miloni</strong></span> 
     </span>
     <span class='ocr_line' id='line_1_3' title="bbox 143 251 1732 302; baseline 0.004 -15"><span class='ocrx_word' id='word_1_26' title='bbox 143 252 311 289; x_wconf 80' lang='lat' dir='ltr'><strong>excitasse</strong></span> <span class='ocrx_word' id='word_1_27' title='bbox 346 262 468 298; x_wconf 83' lang='lat' dir='ltr'><strong>neque</strong></span> <span class='ocrx_word' id='word_1_28' title='bbox 491 251 582 287; x_wconf 84' lang='lat' dir='ltr'><strong>aliud</strong></span> <span class='ocrx_word' id='word_1_29' title='bbox 616 251 754 288; x_wconf 86' lang='lat' dir='ltr'><strong>efficere</strong></span> <span class='ocrx_word' id='word_1_30' title='bbox 778 253 944 296; x_wconf 84' lang='lat' dir='ltr'><strong>voluisse,</strong></span> <span class='ocrx_word' id='word_1_31' title='bbox 984 264 1086 299; x_wconf 92' lang='lat' dir='ltr'><strong>quam</strong></span> <span class='ocrx_word' id='word_1_32' title='bbox 1112 256 1151 289; x_wconf 92' lang='lat' dir='ltr'><strong>ut</strong></span> <span class='ocrx_word' id='word_1_33' title='bbox 1174 253 1340 290; x_wconf 88' lang='lat' dir='ltr'><strong>Milonem</strong></span> <span class='ocrx_word' id='word_1_34' title='bbox 1365 256 1592 302; x_wconf 84' lang='lat' dir='ltr'><strong>opprimeret,</strong></span> <span class='ocrx_word' id='word_1_35' title='bbox 1630 255 1732 292; x_wconf 87' lang='lat' dir='ltr'><strong>Pom-</strong></span> 
     </span>
     <span class='ocr_line' id='line_1_4' title="bbox 141 308 1727 359; baseline 0.004 -15"><span class='ocrx_word' id='word_1_36' title='bbox 141 309 258 356; x_wconf 90' lang='lat' dir='ltr'><strong>peium</strong></span> <span class='ocrx_word' id='word_1_37' title='bbox 283 320 303 345; x_wconf 88' lang='lat' dir='ltr'><strong>a</strong></span> <span class='ocrx_word' id='word_1_38' title='bbox 327 308 467 345; x_wconf 88' lang='lat' dir='ltr'><strong>Milonis</strong></span> <span class='ocrx_word' id='word_1_39' title='bbox 493 311 528 345; x_wconf 91' lang='lat' dir='ltr'><strong>et</strong></span> <span class='ocrx_word' id='word_1_40' title='bbox 553 309 771 356; x_wconf 88' lang='lat' dir='ltr'><strong>optimatium</strong></span> <span class='ocrx_word' id='word_1_41' title='bbox 795 311 948 357; x_wconf 89' lang='lat' dir='ltr'><strong>partibus</strong></span> <span class='ocrx_word' id='word_1_42' title='bbox 975 311 1182 359; x_wconf 83' lang='lat' dir='ltr'><strong>seiungeret.</strong></span> <span class='ocrx_word' id='word_1_43' title='bbox 1232 311 1273 347; x_wconf 91' lang='lat' dir='ltr'><strong>Id</strong></span> <span class='ocrx_word' id='word_1_44' title='bbox 1306 322 1385 348; x_wconf 90' lang='lat' dir='ltr'><strong>cum</strong></span> <span class='ocrx_word' id='word_1_45' title='bbox 1409 312 1564 351; x_wconf 87' lang='lat' dir='ltr'><strong>effecisse</strong></span> <span class='ocrx_word' id='word_1_46' title='bbox 1588 313 1654 350; x_wconf 91' lang='lat' dir='ltr'><strong>sibi</strong></span> <span class='ocrx_word' id='word_1_47' title='bbox 1678 313 1727 350; x_wconf 88' lang='lat' dir='ltr'><strong>vi-</strong></span> 
     </span>
     <span class='ocr_line' id='line_1_5' title="bbox 141 367 1730 418; baseline 0.003 -14"><span class='ocrx_word' id='word_1_48' title='bbox 141 368 299 411; x_wconf 87' lang='lat' dir='ltr'><strong>deretur,</strong></span> <span class='ocrx_word' id='word_1_49' title='bbox 339 378 417 404; x_wconf 92' lang='lat' dir='ltr'><strong>cum</strong></span> <span class='ocrx_word' id='word_1_50' title='bbox 442 367 625 413; x_wconf 90' lang='lat' dir='ltr'><strong>Pompeius</strong></span> <span class='ocrx_word' id='word_1_51' title='bbox 659 367 785 405; x_wconf 86' lang='lat' dir='ltr'><strong>dilectu</strong></span> <span class='ocrx_word' id='word_1_52' title='bbox 818 368 936 405; x_wconf 87' lang='lat' dir='ltr'><strong>habito</strong></span> <span class='ocrx_word' id='word_1_53' title='bbox 961 368 1106 405; x_wconf 89' lang='lat' dir='ltr'><strong>Romam</strong></span> <span class='ocrx_word' id='word_1_54' title='bbox 1138 380 1297 407; x_wconf 86' lang='lat' dir='ltr'><strong>reversus</strong></span> <span class='ocrx_word' id='word_1_55' title='bbox 1323 369 1444 407; x_wconf 88' lang='lat' dir='ltr'><strong>Miloni</strong></span> <span class='ocrx_word' id='word_1_56' title='bbox 1473 382 1511 408; x_wconf 88' lang='lat' dir='ltr'><strong>se</strong></span> <span class='ocrx_word' id='word_1_57' title='bbox 1535 382 1646 418; x_wconf 84' lang='lat' dir='ltr'><strong>neque</strong></span> <span class='ocrx_word' id='word_1_58' title='bbox 1670 381 1730 418; x_wconf 85' lang='lat' dir='ltr'><strong>pe-</strong></span> 
     </span>
     <span class='ocr_line' id='line_1_6' title="bbox 142 425 1727 473; baseline 0.003 -12"><span class='ocrx_word' id='word_1_59' title='bbox 142 426 236 461; x_wconf 88' lang='lat' dir='ltr'><strong>tendi</strong></span> <span class='ocrx_word' id='word_1_60' title='bbox 262 436 374 472; x_wconf 88' lang='lat' dir='ltr'><strong>neque</strong></span> <span class='ocrx_word' id='word_1_61' title='bbox 399 425 587 462; x_wconf 89' lang='lat' dir='ltr'><strong>desistendi</strong></span> <span class='ocrx_word' id='word_1_62' title='bbox 613 428 788 462; x_wconf 79' lang='lat' dir='ltr'><strong>auctorem</strong></span> <span class='ocrx_word' id='word_1_63' title='bbox 813 437 889 463; x_wconf 88' lang='lat' dir='ltr'><strong>esse</strong></span> <span class='ocrx_word' id='word_1_64' title='bbox 913 427 1152 473; x_wconf 83' lang='lat' dir='ltr'><strong>profiteretur,</strong></span> <span class='ocrx_word' id='word_1_65' title='bbox 1188 438 1266 463; x_wconf 91' lang='lat' dir='ltr'><strong>cum</strong></span> <span class='ocrx_word' id='word_1_66' title='bbox 1294 438 1401 463; x_wconf 89' lang='lat' dir='ltr'><strong>unum</strong></span> <span class='ocrx_word' id='word_1_67' title='bbox 1425 439 1494 464; x_wconf 88' lang='lat' dir='ltr'><strong>non</strong></span> <span class='ocrx_word' id='word_1_68' title='bbox 1519 429 1727 473; x_wconf 85' lang='lat' dir='ltr'><strong>admitteret,</strong></span> 
     </span>
     <span class='ocr_line' id='line_1_7' title="bbox 140 483 1731 530; baseline 0.004 -12"><span class='ocrx_word' id='word_1_69' title='bbox 140 484 224 530; x_wconf 89' lang='lat' dir='ltr'><strong>quin</strong></span> <span class='ocrx_word' id='word_1_70' title='bbox 249 483 354 519; x_wconf 89' lang='lat' dir='ltr'><strong>etiam</strong></span> <span class='ocrx_word' id='word_1_71' title='bbox 381 483 493 520; x_wconf 78' lang='lat' dir='ltr'><strong>excuti</strong></span> <span class='ocrx_word' id='word_1_72' title='bbox 518 483 718 530; x_wconf 82' lang='lat' dir='ltr'><strong>priusquam</strong></span> <span class='ocrx_word' id='word_1_73' title='bbox 743 484 778 520; x_wconf 92' lang='lat' dir='ltr'><strong>in</strong></span> <span class='ocrx_word' id='word_1_74' title='bbox 804 486 960 521; x_wconf 88' lang='lat' dir='ltr'><strong>senatum</strong></span> <span class='ocrx_word' id='word_1_75' title='bbox 985 485 1130 522; x_wconf 82' lang='lat' dir='ltr'><strong>intraret</strong></span> <span class='ocrx_word' id='word_1_76' title='bbox 1154 485 1322 528; x_wconf 89' lang='lat' dir='ltr'><strong>iussisset,</strong></span> <span class='ocrx_word' id='word_1_77' title='bbox 1359 485 1528 522; x_wconf 82' lang='lat' dir='ltr'><strong>Salustius</strong></span> <span class='ocrx_word' id='word_1_78' title='bbox 1545 498 1638 523; x_wconf 85' lang='lat' dir='ltr'><strong>cum</strong></span> <span class='ocrx_word' id='word_1_79' title='bbox 1661 498 1731 525; x_wconf 85' lang='lat' dir='ltr'><strong>non</strong></span> 
     </span>
     <span class='ocr_line' id='line_1_8' title="bbox 139 541 1731 590; baseline 0.003 -13"><span class='ocrx_word' id='word_1_80' title='bbox 139 541 303 585; x_wconf 87' lang='lat' dir='ltr'><strong>haberet,</strong></span> <span class='ocrx_word' id='word_1_81' title='bbox 340 542 431 587; x_wconf 91' lang='lat' dir='ltr'><strong>quod</strong></span> <span class='ocrx_word' id='word_1_82' title='bbox 456 542 584 577; x_wconf 87' lang='lat' dir='ltr'><strong>diutius</strong></span> <span class='ocrx_word' id='word_1_83' title='bbox 609 542 646 577; x_wconf 92' lang='lat' dir='ltr'><strong>in</strong></span> <span class='ocrx_word' id='word_1_84' title='bbox 670 541 834 578; x_wconf 90' lang='lat' dir='ltr'><strong>Milonem</strong></span> <span class='ocrx_word' id='word_1_85' title='bbox 859 542 1098 586; x_wconf 87' lang='lat' dir='ltr'><strong>inveheretur,</strong></span> <span class='ocrx_word' id='word_1_86' title='bbox 1125 554 1237 589; x_wconf 86' lang='lat' dir='ltr'><strong>neque</strong></span> <span class='ocrx_word' id='word_1_87' title='bbox 1263 543 1414 589; x_wconf 88' lang='lat' dir='ltr'><strong>Scipioni</strong></span> <span class='ocrx_word' id='word_1_88' title='bbox 1439 545 1670 590; x_wconf 85' lang='lat' dir='ltr'><strong>conquerendi</strong></span> <span class='ocrx_word' id='word_1_89' title='bbox 1693 546 1731 581; x_wconf 86' lang='lat' dir='ltr'><strong>in</strong></span> 
     </span>
     <span class='ocr_line' id='line_1_9' title="bbox 139 599 1731 648; baseline 0.003 -13"><span class='ocrx_word' id='word_1_90' title='bbox 139 602 261 636; x_wconf 91' lang='lat' dir='ltr'><strong>senatu</strong></span> <span class='ocrx_word' id='word_1_91' title='bbox 297 601 416 635; x_wconf 90' lang='lat' dir='ltr'><strong>contra</strong></span> <span class='ocrx_word' id='word_1_92' title='bbox 448 599 614 636; x_wconf 85' lang='lat' dir='ltr'><strong>Milonem</strong></span> <span class='ocrx_word' id='word_1_93' title='bbox 629 599 656 645; x_wconf 72' lang='lat'><strong>²)</strong></span> <span class='ocrx_word' id='word_1_94' title='bbox 689 610 800 646; x_wconf 90' lang='lat' dir='ltr'><strong>neque</strong></span> <span class='ocrx_word' id='word_1_95' title='bbox 831 599 981 637; x_wconf 87' lang='lat' dir='ltr'><strong>Claudiis</strong></span> <span class='ocrx_word' id='word_1_96' title='bbox 1007 600 1271 638; x_wconf 78' lang='lat' dir='ltr'><strong>adulescentulis</strong></span> <span class='ocrx_word' id='word_1_97' title='bbox 1297 602 1483 648; x_wconf 85' lang='lat' dir='ltr'><strong>quaerendi</strong></span> <span class='ocrx_word' id='word_1_98' title='bbox 1516 602 1606 648; x_wconf 86' lang='lat' dir='ltr'><strong>apud</strong></span> <span class='ocrx_word' id='word_1_99' title='bbox 1630 602 1731 641; x_wconf 63' lang='lat' dir='ltr'><strong>Pom÷</strong></span> 
     </span>
     <span class='ocr_line' id='line_1_10' title="bbox 139 657 1726 706; baseline 0.002 -14"><span class='ocrx_word' id='word_1_100' title='bbox 139 658 256 703; x_wconf 88' lang='lat' dir='ltr'><strong>peium</strong></span> <span class='ocrx_word' id='word_1_101' title='bbox 283 658 325 693; x_wconf 90' lang='lat' dir='ltr'><strong>de</strong></span> <span class='ocrx_word' id='word_1_102' title='bbox 351 657 479 693; x_wconf 87' lang='lat' dir='ltr'><strong>familia</strong></span> <span class='ocrx_word' id='word_1_103' title='bbox 503 657 643 693; x_wconf 84' lang='lat' dir='ltr'><strong>Milonis</strong></span> <span class='ocrx_word' id='word_1_104' title='bbox 670 660 704 693; x_wconf 91' lang='lat' dir='ltr'><strong>et</strong></span> <span class='ocrx_word' id='word_1_105' title='bbox 728 658 843 694; x_wconf 87' lang='lat' dir='ltr'><strong>uxoris</strong></span> <span class='ocrx_word' id='word_1_106' title='bbox 869 659 942 694; x_wconf 88' lang='lat' dir='ltr'><strong>eius</strong></span> <span class='ocrx_word' id='word_1_107' title='bbox 959 659 1106 695; x_wconf 84' lang='lat' dir='ltr'><strong>Faustae</strong></span> <span class='ocrx_word' id='word_1_108' title='bbox 1119 659 1146 704; x_wconf 82' lang='lat'><strong>⁸)</strong></span> <span class='ocrx_word' id='word_1_109' title='bbox 1172 661 1289 695; x_wconf 83' lang='lat' dir='ltr'><strong>auctor</strong></span> <span class='ocrx_word' id='word_1_110' title='bbox 1314 661 1373 695; x_wconf 91' lang='lat' dir='ltr'><strong>aut</strong></span> <span class='ocrx_word' id='word_1_111' title='bbox 1397 659 1603 706; x_wconf 87' lang='lat' dir='ltr'><strong>suffragator</strong></span> <span class='ocrx_word' id='word_1_112' title='bbox 1618 660 1726 696; x_wconf 83' lang='lat' dir='ltr'><strong>fuisse</strong></span> 
     </span>
     <span class='ocr_line' id='line_1_11' title="bbox 138 714 394 750; baseline 0 -1"><span class='ocrx_word' id='word_1_113' title='bbox 138 714 225 749; x_wconf 89' lang='lat' dir='ltr'><strong>mihi</strong></span> <span class='ocrx_word' id='word_1_114' title='bbox 250 715 394 750; x_wconf 90' lang='lat' dir='ltr'><strong>videtur.</strong></span> 
     </span>
    </p>

    <p class='ocr_par' dir='ltr' id='par_1_3' title="bbox 139 771 1729 883">
     <span class='ocr_line' id='line_1_12' title="bbox 254 771 1727 821; baseline 0.002 -14"><span class='ocrx_word' id='word_1_115' title='bbox 254 771 318 807; x_wconf 91' lang='lat' dir='ltr'><strong>His</strong></span> <span class='ocrx_word' id='word_1_116' title='bbox 344 771 436 808; x_wconf 89' lang='lat' dir='ltr'><strong>enim</strong></span> <span class='ocrx_word' id='word_1_117' title='bbox 462 782 541 807; x_wconf 90' lang='lat' dir='ltr'><strong>cum</strong></span> <span class='ocrx_word' id='word_1_118' title='bbox 557 771 742 818; x_wconf 89' lang='lat' dir='ltr'><strong>Pompeius</strong></span> <span class='ocrx_word' id='word_1_119' title='bbox 767 772 836 807; x_wconf 87' lang='lat' dir='ltr'><strong>iam</strong></span> <span class='ocrx_word' id='word_1_120' title='bbox 862 772 1013 819; x_wconf 87' lang='lat' dir='ltr'><strong>apertius</strong></span> <span class='ocrx_word' id='word_1_121' title='bbox 1039 773 1236 810; x_wconf 87' lang='lat' dir='ltr'><strong>ostenderet</strong></span> <span class='ocrx_word' id='word_1_122' title='bbox 1262 783 1299 809; x_wconf 90' lang='lat' dir='ltr'><strong>se</strong></span> <span class='ocrx_word' id='word_1_123' title='bbox 1323 773 1523 821; x_wconf 77' lang='lat' dir='ltr'><strong>dictatorem</strong></span> <span class='ocrx_word' id='word_1_124' title='bbox 1541 774 1608 810; x_wconf 87' lang='lat' dir='ltr'><strong>dici</strong></span> <span class='ocrx_word' id='word_1_125' title='bbox 1631 773 1727 818; x_wconf 83' lang='lat' dir='ltr'><strong>velle,</strong></span> 
     </span>
     <span class='ocr_line' id='line_1_13' title="bbox 139 828 1729 883; baseline 0.002 -19"><span class='ocrx_word' id='word_1_126' title='bbox 139 828 327 865; x_wconf 83' lang='lat' dir='ltr'><strong>Salustium</strong></span> <span class='ocrx_word' id='word_1_127' title='bbox 361 840 496 865; x_wconf 88' lang='lat' dir='ltr'><strong>summo</strong></span> <span class='ocrx_word' id='word_1_128' title='bbox 529 830 643 865; x_wconf 90' lang='lat' dir='ltr'><strong>studio</strong></span> <span class='ocrx_word' id='word_1_129' title='bbox 668 830 886 867; x_wconf 88' lang='lat' dir='ltr'><strong>contendisse</strong></span> <span class='ocrx_word' id='word_1_130' title='bbox 919 832 1012 876; x_wconf 90' lang='lat' dir='ltr'><strong>puto,</strong></span> <span class='ocrx_word' id='word_1_131' title='bbox 1047 832 1085 865; x_wconf 92' lang='lat' dir='ltr'><strong>ut</strong></span> <span class='ocrx_word' id='word_1_132' title='bbox 1110 830 1234 883; x_wconf 79' lang='lat' dir='ltr'><strong>Caesar</strong></span> <span class='ocrx_word' id='word_1_133' title='bbox 1267 830 1385 866; x_wconf 89' lang='lat' dir='ltr'><strong>consul</strong></span> <span class='ocrx_word' id='word_1_134' title='bbox 1418 831 1535 874; x_wconf 87' lang='lat' dir='ltr'><strong>fieret;</strong></span> <span class='ocrx_word' id='word_1_135' title='bbox 1575 832 1618 867; x_wconf 90' lang='lat' dir='ltr'><strong>ad</strong></span> <span class='ocrx_word' id='word_1_136' title='bbox 1642 842 1729 877; x_wconf 87' lang='lat' dir='ltr'><strong>quae</strong></span> 
     </span>
    </p>
   </div>
   <div class='ocr_carea' id='block_1_3' title="bbox 139 887 1788 934">
    <p class='ocr_par' dir='ltr' id='par_1_4' title="bbox 139 887 1788 934">
     <span class='ocr_line' id='line_1_14' title="bbox 139 887 1788 934; baseline 0.002 -12"><span class='ocrx_word' id='word_1_137' title='bbox 139 889 290 933; x_wconf 87' lang='lat' dir='ltr'><strong>partium</strong></span> <span class='ocrx_word' id='word_1_138' title='bbox 316 887 430 923; x_wconf 88' lang='lat' dir='ltr'><strong>studia</strong></span> <span class='ocrx_word' id='word_1_139' title='bbox 455 887 674 924; x_wconf 86' lang='lat' dir='ltr'><strong>referendum</strong></span> <span class='ocrx_word' id='word_1_140' title='bbox 700 898 776 924; x_wconf 90' lang='lat' dir='ltr'><strong>esse</strong></span> <span class='ocrx_word' id='word_1_141' title='bbox 801 887 886 924; x_wconf 90' lang='lat' dir='ltr'><strong>mihi</strong></span> <span class='ocrx_word' id='word_1_142' title='bbox 912 888 1064 931; x_wconf 89' lang='lat' dir='ltr'><strong>videtur,</strong></span> <span class='ocrx_word' id='word_1_143' title='bbox 1092 888 1183 934; x_wconf 90' lang='lat' dir='ltr'><strong>quod</strong></span> <span class='ocrx_word' id='word_1_144' title='bbox 1209 890 1262 924; x_wconf 87' lang='lat' dir='ltr'><strong>est</strong></span> <span class='ocrx_word' id='word_1_145' title='bbox 1286 889 1375 934; x_wconf 90' lang='lat' dir='ltr'><strong>apud</strong></span> <span class='ocrx_word' id='word_1_146' title='bbox 1400 888 1546 924; x_wconf 89' lang='lat' dir='ltr'><strong>Dionem</strong></span> <span class='ocrx_word' id='word_1_147' title='bbox 1572 888 1728 925; x_wconf 83' lang='lat' dir='ltr'><strong>Cassium</strong></span> <span class='ocrx_word' id='word_1_148' title='bbox 1784 924 1788 926; x_wconf 85' lang='grc'>,</span> 
     </span>
    </p>
   </div>
   <div class='ocr_carea' id='block_1_4' title="bbox 126 939 1729 2260">
    <p class='ocr_par' dir='ltr' id='par_1_5' title="bbox 126 939 1729 1916">
     <span class='ocr_line' id='line_1_15' title="bbox 135 939 1729 994; baseline 0 -12"><span class='ocrx_word' id='word_1_149' title='bbox 135 946 193 989; x_wconf 82' lang='lat'><strong>40,</strong></span> <span class='ocrx_word' id='word_1_150' title='bbox 213 946 269 989; x_wconf 89' lang='grc'><strong>50,</strong></span> <span class='ocrx_word' id='word_1_151' title='bbox 289 946 329 982; x_wconf 90' lang='lat'><strong>3:</strong></span> <span class='ocrx_word' id='word_1_152' title='bbox 356 944 615 993; x_wconf 76' lang='grc' dir='ltr'><em>διαθροούντων</em></span> <span class='ocrx_word' id='word_1_153' title='bbox 638 944 707 979; x_wconf 84' lang='grc' dir='ltr'><strong>τῶν</strong></span> <span class='ocrx_word' id='word_1_154' title='bbox 731 945 798 991; x_wconf 73' lang='grc' dir='ltr'><strong>μὲν</strong></span> <span class='ocrx_word' id='word_1_155' title='bbox 823 945 867 988; x_wconf 81' lang='grc' dir='ltr'><strong>ὡς</strong></span> <span class='ocrx_word' id='word_1_156' title='bbox 892 944 1083 993; x_wconf 83' lang='grc' dir='ltr'><strong><em>δικτάτωρα</em></strong></span> <span class='ocrx_word' id='word_1_157' title='bbox 1106 939 1166 980; x_wconf 76' lang='grc' dir='ltr'><strong>τὸν</strong></span> <span class='ocrx_word' id='word_1_158' title='bbox 1185 945 1387 994; x_wconf 85' lang='grc' dir='ltr'><strong><em>Πομπήϊον,</em></strong></span> <span class='ocrx_word' id='word_1_159' title='bbox 1413 946 1481 980; x_wconf 82' lang='grc' dir='ltr'><strong>τῶν</strong></span> <span class='ocrx_word' id='word_1_160' title='bbox 1506 944 1544 982; x_wconf 78' lang='grc' dir='ltr'><strong>δὲ</strong></span> <span class='ocrx_word' id='word_1_161' title='bbox 1569 946 1614 989; x_wconf 80' lang='grc' dir='ltr'><strong>ὡς</strong></span> <span class='ocrx_word' id='word_1_162' title='bbox 1638 943 1729 982; x_wconf 68' lang='grc' dir='ltr'><strong><em>ὕπα-</em></strong></span> 
     </span>
     <span class='ocr_line' id='line_1_16' title="bbox 134 999 1728 1053; baseline 0.002 -16"><span class='ocrx_word' id='word_1_163' title='bbox 134 1015 196 1038; x_wconf 83' lang='grc' dir='ltr'><strong>τον</strong></span> <span class='ocrx_word' id='word_1_164' title='bbox 219 1002 280 1038; x_wconf 78' lang='grc' dir='ltr'><strong>τὸν</strong></span> <span class='ocrx_word' id='word_1_165' title='bbox 305 999 469 1050; x_wconf 86' lang='grc' dir='ltr'><strong><em>Καίσαρα</em></strong></span> <span class='ocrx_word' id='word_1_166' title='bbox 493 1000 680 1051; x_wconf 68' lang='grc' dir='ltr'><strong><em>αἱρηθῆναι</em></strong></span> <span class='ocrx_word' id='word_1_167' title='bbox 705 1002 768 1039; x_wconf 82' lang='grc' dir='ltr'><em>δεῖ.</em></span> <span class='ocrx_word' id='word_1_168' title='bbox 815 1004 964 1040; x_wconf 90' lang='lat' dir='ltr'><strong>Videbat</strong></span> <span class='ocrx_word' id='word_1_169' title='bbox 995 1004 1087 1040; x_wconf 87' lang='lat' dir='ltr'><strong>enim</strong></span> <span class='ocrx_word' id='word_1_170' title='bbox 1112 1006 1146 1040; x_wconf 92' lang='lat' dir='ltr'><strong>et</strong></span> <span class='ocrx_word' id='word_1_171' title='bbox 1170 1004 1478 1053; x_wconf 83' lang='lat' dir='ltr'><strong>necessitudinem,</strong></span> <span class='ocrx_word' id='word_1_172' title='bbox 1513 1016 1600 1050; x_wconf 85' lang='lat' dir='ltr'><strong>quae</strong></span> <span class='ocrx_word' id='word_1_173' title='bbox 1624 1005 1728 1041; x_wconf 91' lang='lat' dir='ltr'><strong>inter-</strong></span> 
     </span>
     <span class='ocr_line' id='line_1_17' title="bbox 135 1060 1726 1108; baseline 0.001 -11"><span class='ocrx_word' id='word_1_174' title='bbox 135 1064 287 1097; x_wconf 86' lang='lat' dir='ltr'><strong>cesserat</strong></span> <span class='ocrx_word' id='word_1_175' title='bbox 319 1062 409 1097; x_wconf 91' lang='lat' dir='ltr'><strong>inter</strong></span> <span class='ocrx_word' id='word_1_176' title='bbox 441 1060 625 1098; x_wconf 85' lang='lat' dir='ltr'><strong>Caesarem</strong></span> <span class='ocrx_word' id='word_1_177' title='bbox 658 1064 692 1097; x_wconf 89' lang='lat' dir='ltr'><strong>et</strong></span> <span class='ocrx_word' id='word_1_178' title='bbox 725 1062 946 1107; x_wconf 88' lang='lat' dir='ltr'><strong>Pompeium,</strong></span> <span class='ocrx_word' id='word_1_179' title='bbox 982 1063 1016 1097; x_wconf 90' lang='lat' dir='ltr'><strong>et</strong></span> <span class='ocrx_word' id='word_1_180' title='bbox 1040 1061 1126 1096; x_wconf 90' lang='lat' dir='ltr'><strong>Iulia</strong></span> <span class='ocrx_word' id='word_1_181' title='bbox 1151 1060 1306 1097; x_wconf 85' lang='lat' dir='ltr'><strong>Caesaris</strong></span> <span class='ocrx_word' id='word_1_182' title='bbox 1339 1061 1409 1097; x_wconf 88' lang='lat' dir='ltr'><strong>filia</strong></span> <span class='ocrx_word' id='word_1_183' title='bbox 1438 1062 1581 1108; x_wconf 91' lang='lat' dir='ltr'><strong>Pompei</strong></span> <span class='ocrx_word' id='word_1_184' title='bbox 1621 1072 1726 1098; x_wconf 87' lang='lat' dir='ltr'><strong>uxore</strong></span> 
     </span>
     <span class='ocr_line' id='line_1_18' title="bbox 133 1118 1725 1166; baseline 0 -11"><span class='ocrx_word' id='word_1_185' title='bbox 133 1122 270 1156; x_wconf 89' lang='lat' dir='ltr'><strong>mortua</strong></span> <span class='ocrx_word' id='word_1_186' title='bbox 294 1122 329 1155; x_wconf 93' lang='lat' dir='ltr'><strong>et</strong></span> <span class='ocrx_word' id='word_1_187' title='bbox 354 1118 477 1155; x_wconf 86' lang='lat' dir='ltr'><strong>Crasso</strong></span> <span class='ocrx_word' id='word_1_188' title='bbox 491 1121 627 1155; x_wconf 92' lang='lat' dir='ltr'><strong>mortuo</strong></span> <span class='ocrx_word' id='word_1_189' title='bbox 644 1119 680 1154; x_wconf 91' lang='lat' dir='ltr'><strong>in</strong></span> <span class='ocrx_word' id='word_1_190' title='bbox 706 1119 779 1155; x_wconf 88' lang='lat' dir='ltr'><strong>dies</strong></span> <span class='ocrx_word' id='word_1_191' title='bbox 805 1119 915 1166; x_wconf 87' lang='lat' dir='ltr'><strong>magis</strong></span> <span class='ocrx_word' id='word_1_192' title='bbox 941 1119 1026 1155; x_wconf 90' lang='lat' dir='ltr'><strong>solvi</strong></span> <span class='ocrx_word' id='word_1_193' title='bbox 1044 1121 1078 1155; x_wconf 88' lang='lat' dir='ltr'><strong>et</strong></span> <span class='ocrx_word' id='word_1_194' title='bbox 1101 1119 1325 1155; x_wconf 90' lang='lat' dir='ltr'><strong>metuendum</strong></span> <span class='ocrx_word' id='word_1_195' title='bbox 1352 1129 1446 1162; x_wconf 85' lang='lat' dir='ltr'><strong>esse,</strong></span> <span class='ocrx_word' id='word_1_196' title='bbox 1473 1130 1516 1156; x_wconf 91' lang='lat' dir='ltr'><strong>ne</strong></span> <span class='ocrx_word' id='word_1_197' title='bbox 1541 1119 1725 1165; x_wconf 90' lang='lat' dir='ltr'><strong>Pompeius</strong></span> 
     </span>
     <span class='ocr_line' id='line_1_19' title="bbox 135 1175 1724 1223; baseline 0 -11"><span class='ocrx_word' id='word_1_198' title='bbox 135 1178 165 1212; x_wconf 88' lang='lat' dir='ltr'><strong>si</strong></span> <span class='ocrx_word' id='word_1_199' title='bbox 198 1178 345 1212; x_wconf 84' lang='lat' dir='ltr'><strong>dictator</strong></span> <span class='ocrx_word' id='word_1_200' title='bbox 378 1177 477 1212; x_wconf 90' lang='lat' dir='ltr'><strong>fieret</strong></span> <span class='ocrx_word' id='word_1_201' title='bbox 510 1177 637 1211; x_wconf 87' lang='lat' dir='ltr'><strong>arctius</strong></span> <span class='ocrx_word' id='word_1_202' title='bbox 672 1187 708 1212; x_wconf 91' lang='lat' dir='ltr'><strong>se</strong></span> <span class='ocrx_word' id='word_1_203' title='bbox 743 1187 821 1212; x_wconf 91' lang='lat' dir='ltr'><strong>cum</strong></span> <span class='ocrx_word' id='word_1_204' title='bbox 855 1177 1075 1222; x_wconf 87' lang='lat' dir='ltr'><strong>optimatibus</strong></span> <span class='ocrx_word' id='word_1_205' title='bbox 1119 1178 1237 1211; x_wconf 89' lang='lat' dir='ltr'><strong>contra</strong></span> <span class='ocrx_word' id='word_1_206' title='bbox 1271 1175 1452 1211; x_wconf 88' lang='lat' dir='ltr'><strong>Caesarem</strong></span> <span class='ocrx_word' id='word_1_207' title='bbox 1491 1177 1724 1223; x_wconf 86' lang='lat' dir='ltr'><strong>coniungeret.</strong></span> 
     </span>
     <span class='ocr_line' id='line_1_20' title="bbox 132 1232 1724 1281; baseline -0.001 -10"><span class='ocrx_word' id='word_1_208' title='bbox 132 1234 257 1281; x_wconf 87' lang='lat' dir='ltr'><strong>Neque</strong></span> <span class='ocrx_word' id='word_1_209' title='bbox 292 1234 405 1281; x_wconf 89' lang='lat' dir='ltr'><strong>opinio</strong></span> <span class='ocrx_word' id='word_1_210' title='bbox 431 1244 510 1271; x_wconf 91' lang='lat' dir='ltr'><strong>eum</strong></span> <span class='ocrx_word' id='word_1_211' title='bbox 531 1232 661 1269; x_wconf 88' lang='lat' dir='ltr'><strong>fefellit.</strong></span> <span class='ocrx_word' id='word_1_212' title='bbox 712 1233 805 1270; x_wconf 89' lang='lat' dir='ltr'><strong>Nam</strong></span> <span class='ocrx_word' id='word_1_213' title='bbox 829 1234 888 1271; x_wconf 93' lang='lat' dir='ltr'><strong>ubi</strong></span> <span class='ocrx_word' id='word_1_214' title='bbox 913 1234 1003 1270; x_wconf 88' lang='lat' dir='ltr'><strong>facto</strong></span> <span class='ocrx_word' id='word_1_215' title='bbox 1036 1234 1072 1269; x_wconf 93' lang='lat' dir='ltr'><strong>in</strong></span> <span class='ocrx_word' id='word_1_216' title='bbox 1105 1233 1219 1270; x_wconf 91' lang='lat' dir='ltr'><strong>Bibuli</strong></span> <span class='ocrx_word' id='word_1_217' title='bbox 1244 1233 1450 1269; x_wconf 87' lang='lat' dir='ltr'><strong>sententiam</strong></span> <span class='ocrx_word' id='word_1_218' title='bbox 1475 1236 1614 1270; x_wconf 87' lang='lat' dir='ltr'><strong>senatus</strong></span> <span class='ocrx_word' id='word_1_219' title='bbox 1646 1244 1724 1270; x_wconf 89' lang='lat' dir='ltr'><strong>con-</strong></span> 
     </span>
     <span class='ocr_line' id='line_1_21' title="bbox 134 1291 1724 1338; baseline -0.001 -11"><span class='ocrx_word' id='word_1_220' title='bbox 134 1292 225 1328; x_wconf 89' lang='lat' dir='ltr'><strong>sulto</strong></span> <span class='ocrx_word' id='word_1_221' title='bbox 250 1293 436 1338; x_wconf 89' lang='lat' dir='ltr'><strong>Pompeius</strong></span> <span class='ocrx_word' id='word_1_222' title='bbox 471 1293 512 1327; x_wconf 88' lang='lat' dir='ltr'><strong>ab</strong></span> <span class='ocrx_word' id='word_1_223' title='bbox 546 1293 719 1338; x_wconf 85' lang='lat' dir='ltr'><strong>interrege</strong></span> <span class='ocrx_word' id='word_1_224' title='bbox 747 1293 841 1328; x_wconf 87' lang='lat' dir='ltr'><strong>Serv.</strong></span> <span class='ocrx_word' id='word_1_225' title='bbox 870 1292 1019 1337; x_wconf 86' lang='lat' dir='ltr'><strong>Sulpicio</strong></span> <span class='ocrx_word' id='word_1_226' title='bbox 1044 1292 1084 1327; x_wconf 86' lang='lat' dir='ltr'><strong>V.</strong></span> <span class='ocrx_word' id='word_1_227' title='bbox 1110 1291 1183 1327; x_wconf 89' lang='lat' dir='ltr'><strong>Kal.</strong></span> <span class='ocrx_word' id='word_1_228' title='bbox 1209 1292 1352 1326; x_wconf 84' lang='lat' dir='ltr'><strong>Martias</strong></span> <span class='ocrx_word' id='word_1_229' title='bbox 1386 1302 1454 1326; x_wconf 93' lang='lat' dir='ltr'><strong>non</strong></span> <span class='ocrx_word' id='word_1_230' title='bbox 1479 1292 1625 1327; x_wconf 86' lang='lat' dir='ltr'><strong>dictator</strong></span> <span class='ocrx_word' id='word_1_231' title='bbox 1649 1292 1724 1337; x_wconf 88' lang='lat' dir='ltr'><strong>qui-</strong></span> 
     </span>
     <span class='ocr_line' id='line_1_22' title="bbox 135 1348 1726 1396; baseline -0.001 -11"><span class='ocrx_word' id='word_1_232' title='bbox 135 1350 216 1386; x_wconf 84' lang='lat' dir='ltr'><strong>dem</strong></span> <span class='ocrx_word' id='word_1_233' title='bbox 241 1350 365 1393; x_wconf 88' lang='lat' dir='ltr'><strong>dictus,</strong></span> <span class='ocrx_word' id='word_1_234' title='bbox 384 1350 445 1385; x_wconf 87' lang='lat' dir='ltr'><strong>sed</strong></span> <span class='ocrx_word' id='word_1_235' title='bbox 471 1349 590 1385; x_wconf 91' lang='lat' dir='ltr'><strong>consul</strong></span> <span class='ocrx_word' id='word_1_236' title='bbox 616 1350 689 1385; x_wconf 89' lang='lat' dir='ltr'><strong>sine</strong></span> <span class='ocrx_word' id='word_1_237' title='bbox 715 1349 846 1396; x_wconf 84' lang='lat' dir='ltr'><strong>collega</strong></span> <span class='ocrx_word' id='word_1_238' title='bbox 871 1352 1005 1385; x_wconf 88' lang='lat' dir='ltr'><strong>creatus</strong></span> <span class='ocrx_word' id='word_1_239' title='bbox 1031 1351 1093 1392; x_wconf 87' lang='lat' dir='ltr'><strong>est,</strong></span> <span class='ocrx_word' id='word_1_240' title='bbox 1114 1349 1230 1384; x_wconf 87' lang='lat' dir='ltr'><strong>statim</strong></span> <span class='ocrx_word' id='word_1_241' title='bbox 1256 1348 1429 1391; x_wconf 92' lang='lat' dir='ltr'><strong>Catonem,</strong></span> <span class='ocrx_word' id='word_1_242' title='bbox 1456 1350 1495 1383; x_wconf 93' lang='lat' dir='ltr'><strong>ut</strong></span> <span class='ocrx_word' id='word_1_243' title='bbox 1519 1349 1585 1384; x_wconf 93' lang='lat' dir='ltr'><strong>sibi</strong></span> <span class='ocrx_word' id='word_1_244' title='bbox 1608 1360 1628 1384; x_wconf 84' lang='lat' dir='ltr'><strong>a</strong></span> <span class='ocrx_word' id='word_1_245' title='bbox 1648 1359 1726 1384; x_wconf 89' lang='lat' dir='ltr'><strong>con-</strong></span> 
     </span>
     <span class='ocr_line' id='line_1_23' title="bbox 131 1405 1720 1455; baseline -0.001 -11"><span class='ocrx_word' id='word_1_246' title='bbox 131 1407 217 1444; x_wconf 90' lang='lat' dir='ltr'><strong>siliis</strong></span> <span class='ocrx_word' id='word_1_247' title='bbox 251 1410 362 1452; x_wconf 88' lang='lat' dir='ltr'><strong>esset,</strong></span> <span class='ocrx_word' id='word_1_248' title='bbox 396 1408 532 1455; x_wconf 87' lang='lat' dir='ltr'><strong>rogavit</strong></span> <span class='ocrx_word' id='word_1_249' title='bbox 542 1407 571 1453; x_wconf 78' lang='lat'><strong>⁴¹)</strong></span> <span class='ocrx_word' id='word_1_250' title='bbox 597 1409 633 1444; x_wconf 88' lang='lat' dir='ltr'><strong>et</strong></span> <span class='ocrx_word' id='word_1_251' title='bbox 656 1408 793 1454; x_wconf 86' lang='lat' dir='ltr'><strong>nuptias</strong></span> <span class='ocrx_word' id='word_1_252' title='bbox 819 1419 838 1444; x_wconf 87' lang='lat' dir='ltr'><strong>a</strong></span> <span class='ocrx_word' id='word_1_253' title='bbox 864 1406 1008 1444; x_wconf 81' lang='lat' dir='ltr'><strong>Caesare</strong></span> <span class='ocrx_word' id='word_1_254' title='bbox 1034 1407 1163 1444; x_wconf 90' lang='lat' dir='ltr'><strong>oblatas</strong></span> <span class='ocrx_word' id='word_1_255' title='bbox 1189 1407 1372 1453; x_wconf 85' lang='lat' dir='ltr'><strong>repudians</strong></span> <span class='ocrx_word' id='word_1_256' title='bbox 1386 1406 1413 1452; x_wconf 79' lang='lat'><strong>⁵)</strong></span> <span class='ocrx_word' id='word_1_257' title='bbox 1436 1405 1647 1451; x_wconf 86' lang='lat' dir='ltr'><strong>Corneliam,</strong></span> <span class='ocrx_word' id='word_1_258' title='bbox 1681 1406 1720 1451; x_wconf 78' lang='lat' dir='ltr'><strong>Q.</strong></span> 
     </span>
     <span class='ocr_line' id='line_1_24' title="bbox 132 1463 1720 1512; baseline -0.001 -11"><span class='ocrx_word' id='word_1_259' title='bbox 132 1466 302 1512; x_wconf 88' lang='lat' dir='ltr'><strong>Scipionis</strong></span> <span class='ocrx_word' id='word_1_260' title='bbox 335 1465 443 1501; x_wconf 89' lang='lat' dir='ltr'><strong>filiam</strong></span> <span class='ocrx_word' id='word_1_261' title='bbox 476 1465 591 1501; x_wconf 89' lang='lat' dir='ltr'><strong>Crassi</strong></span> <span class='ocrx_word' id='word_1_262' title='bbox 629 1467 740 1501; x_wconf 87' lang='lat' dir='ltr'><strong>morte</strong></span> <span class='ocrx_word' id='word_1_263' title='bbox 774 1466 948 1501; x_wconf 87' lang='lat' dir='ltr'><strong>viduatam</strong></span> <span class='ocrx_word' id='word_1_264' title='bbox 988 1476 1130 1501; x_wconf 86' lang='lat' dir='ltr'><strong>uxorem</strong></span> <span class='ocrx_word' id='word_1_265' title='bbox 1171 1465 1276 1500; x_wconf 85' lang='lat' dir='ltr'><strong>duxit.</strong></span> <span class='ocrx_word' id='word_1_266' title='bbox 1289 1465 1316 1509; x_wconf 80' lang='lat'><strong>⁶)</strong></span> <span class='ocrx_word' id='word_1_267' title='bbox 1376 1463 1473 1508; x_wconf 86' lang='lat' dir='ltr'><strong>Quod</strong></span> <span class='ocrx_word' id='word_1_268' title='bbox 1515 1475 1575 1499; x_wconf 93' lang='lat' dir='ltr'><strong>cur</strong></span> <span class='ocrx_word' id='word_1_269' title='bbox 1599 1464 1720 1500; x_wconf 88' lang='lat' dir='ltr'><strong>fecerit</strong></span> 
     </span>
     <span class='ocr_line' id='line_1_25' title="bbox 130 1518 1723 1570; baseline -0.003 -11"><span class='ocrx_word' id='word_1_270' title='bbox 130 1523 315 1570; x_wconf 89' lang='lat' dir='ltr'><strong>Pompeius</strong></span> <span class='ocrx_word' id='word_1_271' title='bbox 351 1523 481 1570; x_wconf 90' lang='lat' dir='ltr'><strong>optime</strong></span> <span class='ocrx_word' id='word_1_272' title='bbox 515 1523 656 1570; x_wconf 82' lang='lat' dir='ltr'><strong>exponit</strong></span> <span class='ocrx_word' id='word_1_273' title='bbox 684 1523 751 1559; x_wconf 92' lang='lat' dir='ltr'><strong>Dio</strong></span> <span class='ocrx_word' id='word_1_274' title='bbox 776 1522 915 1558; x_wconf 89' lang='lat' dir='ltr'><strong>Cassius</strong></span> <span class='ocrx_word' id='word_1_275' title='bbox 940 1523 997 1566; x_wconf 87' lang='lat'><strong>40,</strong></span> <span class='ocrx_word' id='word_1_276' title='bbox 1024 1523 1080 1566; x_wconf 87' lang='grc'><strong>51,</strong></span> <span class='ocrx_word' id='word_1_277' title='bbox 1108 1523 1126 1559; x_wconf 93' lang='grc'>1</span> <span class='ocrx_word' id='word_1_278' title='bbox 1154 1524 1189 1558; x_wconf 88' lang='lat' dir='ltr'><strong>et</strong></span> <span class='ocrx_word' id='word_1_279' title='bbox 1213 1523 1254 1558; x_wconf 88' lang='lat'><strong>2:</strong></span> <span class='ocrx_word' id='word_1_280' title='bbox 1298 1521 1348 1556; x_wconf 75' lang='grc' dir='ltr'><strong>Οὔ</strong></span> <span class='ocrx_word' id='word_1_281' title='bbox 1379 1518 1497 1567; x_wconf 85' lang='grc' dir='ltr'><strong><em>μέντοι</em></strong></span> <span class='ocrx_word' id='word_1_282' title='bbox 1528 1519 1587 1556; x_wconf 81' lang='grc' dir='ltr'><strong>καὶ</strong></span> <span class='ocrx_word' id='word_1_283' title='bbox 1617 1520 1723 1567; x_wconf 77' lang='grc' dir='ltr'><strong><em>μόνος</em></strong></span> 
     </span>
     <span class='ocr_line' id='line_1_26' title="bbox 129 1576 1724 1629; baseline -0.002 -13"><span class='ocrx_word' id='word_1_284' title='bbox 129 1577 231 1628; x_wconf 75' lang='grc' dir='ltr'><strong><em>ἶὶρξαι</em></strong></span> <span class='ocrx_word' id='word_1_285' title='bbox 256 1578 430 1629; x_wconf 73' lang='grc' dir='ltr'><strong><em>ἠθέλησεν</em></strong></span> <span class='ocrx_word' id='word_1_286' title='bbox 455 1608 463 1616; x_wconf 94' lang='grc'><strong>.</strong></span> <span class='ocrx_word' id='word_1_287' title='bbox 490 1608 498 1616; x_wconf 96' lang='grc'><em>.</em></span> <span class='ocrx_word' id='word_1_288' title='bbox 536 1579 595 1615; x_wconf 75' lang='grc' dir='ltr'><strong>καὶ</strong></span> <span class='ocrx_word' id='word_1_289' title='bbox 618 1579 794 1629; x_wconf 75' lang='grc' dir='ltr'><strong><em>φοβηθεὶς</em></strong></span> <span class='ocrx_word' id='word_1_290' title='bbox 823 1580 964 1627; x_wconf 83' lang='grc' dir='ltr'><strong><em>μήποτε</em></strong></span> <span class='ocrx_word' id='word_1_291' title='bbox 990 1609 997 1615; x_wconf 97' lang='grc'><em>.</em></span> <span class='ocrx_word' id='word_1_292' title='bbox 1025 1607 1033 1615; x_wconf 93' lang='grc'><strong>.</strong></span> <span class='ocrx_word' id='word_1_293' title='bbox 1059 1580 1078 1614; x_wconf 80' lang='grc' dir='ltr'><em>ὁ</em></span> <span class='ocrx_word' id='word_1_294' title='bbox 1104 1580 1245 1626; x_wconf 83' lang='grc' dir='ltr'><strong><em>Καῖσαρ</em></strong></span> <span class='ocrx_word' id='word_1_295' title='bbox 1270 1576 1308 1614; x_wconf 68' lang='grc' dir='ltr'><strong>ἔκ</strong></span> <span class='ocrx_word' id='word_1_296' title='bbox 1331 1591 1369 1614; x_wconf 83' lang='grc' dir='ltr'><strong>τε</strong></span> <span class='ocrx_word' id='word_1_297' title='bbox 1392 1579 1455 1626; x_wconf 79' lang='grc' dir='ltr'><strong>τῆς</strong></span> <span class='ocrx_word' id='word_1_298' title='bbox 1477 1580 1546 1613; x_wconf 84' lang='grc' dir='ltr'><strong>τῶν</strong></span> <span class='ocrx_word' id='word_1_299' title='bbox 1572 1578 1724 1624; x_wconf 82' lang='grc' dir='ltr'><strong><em>δυνάμε-</em></strong></span> 
     </span>
     <span class='ocr_line' id='line_1_27' title="bbox 128 1632 1722 1687; baseline -0.002 -14"><span class='ocrx_word' id='word_1_300' title='bbox 128 1651 176 1673; x_wconf 79' lang='grc' dir='ltr'><strong>ων</strong></span> <span class='ocrx_word' id='word_1_301' title='bbox 209 1637 266 1673; x_wconf 80' lang='grc' dir='ltr'><strong>καὶ</strong></span> <span class='ocrx_word' id='word_1_302' title='bbox 296 1635 334 1673; x_wconf 75' lang='grc' dir='ltr'><strong>ἐκ</strong></span> <span class='ocrx_word' id='word_1_303' title='bbox 356 1639 420 1687; x_wconf 84' lang='grc' dir='ltr'><strong>τῆς</strong></span> <span class='ocrx_word' id='word_1_304' title='bbox 443 1638 506 1673; x_wconf 77' lang='grc' dir='ltr'><strong>τοῦ</strong></span> <span class='ocrx_word' id='word_1_305' title='bbox 531 1637 697 1686; x_wconf 75' lang='grc' dir='ltr'><strong><em>πλήθους</em></strong></span> <span class='ocrx_word' id='word_1_306' title='bbox 722 1637 881 1686; x_wconf 79' lang='grc' dir='ltr'><strong><em>σπουδης</em></strong></span> <span class='ocrx_word' id='word_1_307' title='bbox 906 1637 1080 1685; x_wconf 76' lang='grc' dir='ltr'><strong><em>συνάρχων</em></strong></span> <span class='ocrx_word' id='word_1_308' title='bbox 1104 1637 1197 1684; x_wconf 81' lang='grc' dir='ltr'><strong><em>αυτῷ</em></strong></span> <span class='ocrx_word' id='word_1_309' title='bbox 1221 1636 1334 1685; x_wconf 72' lang='grc' dir='ltr'><strong><em>δοθῇ,</em></strong></span> <span class='ocrx_word' id='word_1_310' title='bbox 1360 1632 1475 1683; x_wconf 78' lang='grc' dir='ltr'><strong><em>ἐκείνῳ</em></strong></span> <span class='ocrx_word' id='word_1_311' title='bbox 1499 1633 1571 1682; x_wconf 79' lang='grc' dir='ltr'><strong><em>μέν,</em></strong></span> <span class='ocrx_word' id='word_1_312' title='bbox 1596 1635 1653 1671; x_wconf 79' lang='grc' dir='ltr'><strong>ἵνα</strong></span> <span class='ocrx_word' id='word_1_313' title='bbox 1675 1649 1722 1684; x_wconf 85' lang='grc' dir='ltr'><strong>μη</strong></span> 
     </span>
     <span class='ocr_line' id='line_1_28' title="bbox 127 1690 1722 1744; baseline -0.001 -13"><span class='ocrx_word' id='word_1_314' title='bbox 127 1695 185 1731; x_wconf 79' lang='grc' dir='ltr'><strong>καὶ</strong></span> <span class='ocrx_word' id='word_1_315' title='bbox 210 1696 390 1738; x_wconf 78' lang='grc' dir='ltr'><strong><em>παντελῶς</em></strong></span> <span class='ocrx_word' id='word_1_316' title='bbox 415 1695 690 1744; x_wconf 74' lang='grc' dir='ltr'><strong><em>παρημελῆσθαι</em></strong></span> <span class='ocrx_word' id='word_1_317' title='bbox 713 1692 838 1743; x_wconf 82' lang='grc' dir='ltr'><strong><em>νομίσῃ</em></strong></span> <span class='ocrx_word' id='word_1_318' title='bbox 865 1708 923 1730; x_wconf 84' lang='grc' dir='ltr'><strong><em>και</em></strong></span> <span class='ocrx_word' id='word_1_319' title='bbox 947 1693 984 1730; x_wconf 78' lang='grc' dir='ltr'><strong>ἐκ</strong></span> <span class='ocrx_word' id='word_1_320' title='bbox 1008 1695 1134 1730; x_wconf 88' lang='grc' dir='ltr'><strong><em>τούτου</em></strong></span> <span class='ocrx_word' id='word_1_321' title='bbox 1157 1695 1236 1729; x_wconf 76' lang='grc' dir='ltr'><strong><em>τινὰ</em></strong></span> <span class='ocrx_word' id='word_1_322' title='bbox 1251 1694 1353 1742; x_wconf 74' lang='grc' dir='ltr'><strong><em>ὀργήν</em></strong></span> <span class='ocrx_word' id='word_1_323' title='bbox 1370 1690 1505 1730; x_wconf 81' lang='grc' dir='ltr'><strong><em>δικαίαν</em></strong></span> <span class='ocrx_word' id='word_1_324' title='bbox 1521 1693 1722 1742; x_wconf 76' lang='grc' dir='ltr'><strong><em>ποιήσηται,</em></strong></span> 
     </span>
     <span class='ocr_line' id='line_1_29' title="bbox 128 1748 1719 1802; baseline -0.003 -13"><span class='ocrx_word' id='word_1_325' title='bbox 128 1754 368 1802; x_wconf 77' lang='grc' dir='ltr'><strong><em>παρεσκεύασε</em></strong></span> <span class='ocrx_word' id='word_1_326' title='bbox 400 1753 460 1788; x_wconf 77' lang='grc' dir='ltr'><strong>διὰ</strong></span> <span class='ocrx_word' id='word_1_327' title='bbox 490 1754 559 1788; x_wconf 85' lang='grc' dir='ltr'><strong>τῶν</strong></span> <span class='ocrx_word' id='word_1_328' title='bbox 592 1753 773 1801; x_wconf 82' lang='grc' dir='ltr'><strong><em>δημάρχων</em></strong></span> <span class='ocrx_word' id='word_1_329' title='bbox 802 1751 1040 1800; x_wconf 81' lang='grc' dir='ltr'><strong><em>ἐπιτραπῆναι</em></strong></span> <span class='ocrx_word' id='word_1_330' title='bbox 1072 1765 1130 1787; x_wconf 85' lang='grc' dir='ltr'><strong><em>και</em></strong></span> <span class='ocrx_word' id='word_1_331' title='bbox 1162 1752 1289 1786; x_wconf 78' lang='grc' dir='ltr'><strong><em>ἀπόντι</em></strong></span> <span class='ocrx_word' id='word_1_332' title='bbox 1321 1750 1384 1799; x_wconf 75' lang='grc' dir='ltr'><strong>τήν</strong></span> <span class='ocrx_word' id='word_1_333' title='bbox 1418 1751 1538 1799; x_wconf 83' lang='grc' dir='ltr'><strong><em>ἀρχήν,</em></strong></span> <span class='ocrx_word' id='word_1_334' title='bbox 1572 1748 1657 1786; x_wconf 80' lang='grc' dir='ltr'><strong><em>ὅταν</em></strong></span> <span class='ocrx_word' id='word_1_335' title='bbox 1680 1749 1719 1786; x_wconf 75' lang='grc' dir='ltr'><strong>ἐκ</strong></span> 
     </span>
     <span class='ocr_line' id='line_1_30' title="bbox 126 1804 1720 1879; baseline -0.003 -32"><span class='ocrx_word' id='word_1_336' title='bbox 126 1824 196 1847; x_wconf 82' lang='grc' dir='ltr'><strong>των</strong></span> <span class='ocrx_word' id='word_1_337' title='bbox 227 1811 341 1857; x_wconf 83' lang='grc' dir='ltr'><strong><em>νόμων</em></strong></span> <span class='ocrx_word' id='word_1_338' title='bbox 374 1810 513 1859; x_wconf 75' lang='grc' dir='ltr'><strong><em>καθήκῃ</em></strong></span> <span class='ocrx_word' id='word_1_339' title='bbox 546 1807 705 1879; x_wconf 71' lang='grc' dir='ltr'><strong><em>αἰτῆσαι,</em></strong></span> <span class='ocrx_word' id='word_1_340' title='bbox 740 1810 842 1853; x_wconf 81' lang='grc' dir='ltr'><strong><em>αῦτὸς</em></strong></span> <span class='ocrx_word' id='word_1_341' title='bbox 874 1808 914 1845; x_wconf 81' lang='grc' dir='ltr'><strong>δὲ</strong></span> <span class='ocrx_word' id='word_1_342' title='bbox 938 1809 1089 1845; x_wconf 84' lang='grc' dir='ltr'><strong><em>Κύιντον</em></strong></span> <span class='ocrx_word' id='word_1_343' title='bbox 1113 1805 1292 1844; x_wconf 83' lang='grc' dir='ltr'><strong><em>Σκιπίωνα</em></strong></span> <span class='ocrx_word' id='word_1_344' title='bbox 1316 1808 1490 1857; x_wconf 78' lang='grc' dir='ltr'><strong><em>πενθερόν</em></strong></span> <span class='ocrx_word' id='word_1_345' title='bbox 1514 1805 1554 1844; x_wconf 84' lang='grc' dir='ltr'><strong>τέ</strong></span> <span class='ocrx_word' id='word_1_346' title='bbox 1578 1819 1612 1843; x_wconf 90' lang='grc' dir='ltr'><strong><em>οι</em></strong></span> <span class='ocrx_word' id='word_1_347' title='bbox 1634 1804 1720 1844; x_wconf 81' lang='grc' dir='ltr'><strong><em>ὄντα</em></strong></span> 
     </span>
     <span class='ocr_line' id='line_1_31' title="bbox 126 1864 909 1916; baseline -0.003 -11"><span class='ocrx_word' id='word_1_348' title='bbox 126 1868 185 1905; x_wconf 78' lang='grc' dir='ltr'><strong>καὶ</strong></span> <span class='ocrx_word' id='word_1_349' title='bbox 210 1869 381 1916; x_wconf 79' lang='grc' dir='ltr'><strong><em>ὃικασμοῦ</em></strong></span> <span class='ocrx_word' id='word_1_350' title='bbox 407 1865 520 1904; x_wconf 85' lang='grc' dir='ltr'><strong><em>αιτίαν</em></strong></span> <span class='ocrx_word' id='word_1_351' title='bbox 544 1865 669 1913; x_wconf 71' lang='grc' dir='ltr'><strong><em>ἔχοντα</em></strong></span> <span class='ocrx_word' id='word_1_352' title='bbox 693 1864 909 1916; x_wconf 69' lang='grc' dir='ltr'><strong><em>προσείλετο.</em></strong></span> 
     </span>
    </p>

    <p class='ocr_par' dir='ltr' id='par_1_6' title="bbox 126 1923 1720 2260">
     <span class='ocr_line' id='line_1_32' title="bbox 240 1923 1720 1964; baseline -0.003 0"><span class='ocrx_word' id='word_1_353' title='bbox 240 1928 281 1963; x_wconf 93' lang='lat' dir='ltr'><strong>In</strong></span> <span class='ocrx_word' id='word_1_354' title='bbox 306 1927 431 1964; x_wconf 87' lang='lat' dir='ltr'><strong>horum</strong></span> <span class='ocrx_word' id='word_1_355' title='bbox 456 1927 672 1963; x_wconf 90' lang='lat' dir='ltr'><strong>tribunorum</strong></span> <span class='ocrx_word' id='word_1_356' title='bbox 697 1937 841 1962; x_wconf 91' lang='lat' dir='ltr'><strong>numero</strong></span> <span class='ocrx_word' id='word_1_357' title='bbox 866 1926 939 1961; x_wconf 90' lang='lat' dir='ltr'><strong>sine</strong></span> <span class='ocrx_word' id='word_1_358' title='bbox 965 1924 1033 1961; x_wconf 90' lang='lat' dir='ltr'><strong>ulla</strong></span> <span class='ocrx_word' id='word_1_359' title='bbox 1050 1925 1262 1962; x_wconf 90' lang='lat' dir='ltr'><strong>dubitatione</strong></span> <span class='ocrx_word' id='word_1_360' title='bbox 1287 1925 1353 1961; x_wconf 88' lang='lat' dir='ltr'><strong>fuit</strong></span> <span class='ocrx_word' id='word_1_361' title='bbox 1377 1924 1561 1961; x_wconf 86' lang='lat' dir='ltr'><strong>Salustius.</strong></span> <span class='ocrx_word' id='word_1_362' title='bbox 1595 1923 1720 1960; x_wconf 88' lang='lat' dir='ltr'><strong>Caesar</strong></span> 
     </span>
     <span class='ocr_line' id='line_1_33' title="bbox 128 1982 1717 2030; baseline -0.002 -9"><span class='ocrx_word' id='word_1_363' title='bbox 128 1984 221 2022; x_wconf 87' lang='lat' dir='ltr'><strong>enim</strong></span> <span class='ocrx_word' id='word_1_364' title='bbox 253 1996 334 2020; x_wconf 86' lang='lat' dir='ltr'><strong>suos</strong></span> <span class='ocrx_word' id='word_1_365' title='bbox 368 1986 542 2028; x_wconf 88' lang='lat' dir='ltr'><strong>tribunos,</strong></span> <span class='ocrx_word' id='word_1_366' title='bbox 577 1985 636 2030; x_wconf 83' lang='lat' dir='ltr'><strong>qui</strong></span> <span class='ocrx_word' id='word_1_367' title='bbox 662 1984 728 2020; x_wconf 87' lang='lat' dir='ltr'><strong>sibi</strong></span> <span class='ocrx_word' id='word_1_368' title='bbox 753 1983 969 2019; x_wconf 85' lang='lat' dir='ltr'><strong>consulatum</strong></span> <span class='ocrx_word' id='word_1_369' title='bbox 1002 1982 1136 2019; x_wconf 82' lang='lat' dir='ltr'><strong>deferre</strong></span> <span class='ocrx_word' id='word_1_370' title='bbox 1162 1982 1356 2026; x_wconf 74' lang='lat' dir='ltr'><strong>voluerant,</strong></span> <span class='ocrx_word' id='word_1_371' title='bbox 1390 1984 1588 2025; x_wconf 71' lang='lat' dir='ltr'><strong>monuerat,</strong></span> <span class='ocrx_word' id='word_1_372' title='bbox 1612 1983 1652 2016; x_wconf 90' lang='lat' dir='ltr'><strong>ut</strong></span> <span class='ocrx_word' id='word_1_373' title='bbox 1676 1991 1717 2018; x_wconf 81' lang='lat' dir='ltr'><strong>eo</strong></span> 
     </span>
     <span class='ocr_line' id='line_1_34' title="bbox 128 2039 1718 2085; baseline -0.004 -5"><span class='ocrx_word' id='word_1_374' title='bbox 128 2044 243 2080; x_wconf 90' lang='lat' dir='ltr'><strong>studio</strong></span> <span class='ocrx_word' id='word_1_375' title='bbox 268 2043 414 2080; x_wconf 85' lang='lat' dir='ltr'><strong>remisso</strong></span> <span class='ocrx_word' id='word_1_376' title='bbox 440 2042 626 2085; x_wconf 84' lang='lat' dir='ltr'><strong>efficerent,</strong></span> <span class='ocrx_word' id='word_1_377' title='bbox 651 2044 691 2077; x_wconf 89' lang='lat' dir='ltr'><strong>ut</strong></span> <span class='ocrx_word' id='word_1_378' title='bbox 716 2042 781 2078; x_wconf 91' lang='lat' dir='ltr'><strong>sibi</strong></span> <span class='ocrx_word' id='word_1_379' title='bbox 807 2052 884 2077; x_wconf 91' lang='lat' dir='ltr'><strong>cum</strong></span> <span class='ocrx_word' id='word_1_380' title='bbox 909 2039 1094 2077; x_wconf 90' lang='lat' dir='ltr'><strong>rebellione</strong></span> <span class='ocrx_word' id='word_1_381' title='bbox 1120 2040 1295 2077; x_wconf 87' lang='lat' dir='ltr'><strong>Gallorum</strong></span> <span class='ocrx_word' id='word_1_382' title='bbox 1325 2041 1367 2077; x_wconf 87' lang='lat' dir='ltr'><strong>ab</strong></span> <span class='ocrx_word' id='word_1_383' title='bbox 1392 2040 1477 2077; x_wconf 84' lang='lat' dir='ltr'><strong>urbs</strong></span> <span class='ocrx_word' id='word_1_384' title='bbox 1503 2039 1718 2081; x_wconf 87' lang='lat' dir='ltr'><strong>retineretur,</strong></span> 
     </span>
     <span class='ocr_line' id='line_1_35' title="bbox 126 2097 1718 2147; baseline -0.004 -10"><span class='ocrx_word' id='word_1_385' title='bbox 126 2100 341 2137; x_wconf 87' lang='lat' dir='ltr'><strong>consulatum</strong></span> <span class='ocrx_word' id='word_1_386' title='bbox 366 2101 402 2136; x_wconf 88' lang='lat' dir='ltr'><strong>in</strong></span> <span class='ocrx_word' id='word_1_387' title='bbox 427 2111 554 2136; x_wconf 88' lang='lat' dir='ltr'><strong>annum</strong></span> <span class='ocrx_word' id='word_1_388' title='bbox 580 2101 709 2147; x_wconf 78' lang='lat' dir='ltr'><strong><em>705s49</em></strong></span> <span class='ocrx_word' id='word_1_389' title='bbox 735 2100 840 2136; x_wconf 83' lang='lat' dir='ltr'><strong>etiam</strong></span> <span class='ocrx_word' id='word_1_390' title='bbox 864 2098 998 2134; x_wconf 87' lang='lat' dir='ltr'><strong>absenti</strong></span> <span class='ocrx_word' id='word_1_391' title='bbox 1023 2100 1140 2143; x_wconf 84' lang='lat' dir='ltr'><strong>petere</strong></span> <span class='ocrx_word' id='word_1_392' title='bbox 1165 2098 1285 2134; x_wconf 89' lang='lat' dir='ltr'><strong>liceret</strong></span> <span class='ocrx_word' id='word_1_393' title='bbox 1296 2098 1344 2143; x_wconf 77' lang='lat'><strong>⁷),</strong></span> <span class='ocrx_word' id='word_1_394' title='bbox 1371 2108 1475 2143; x_wconf 88' lang='lat' dir='ltr'><strong>quam</strong></span> <span class='ocrx_word' id='word_1_395' title='bbox 1502 2097 1718 2133; x_wconf 87' lang='lat' dir='ltr'><strong>tribunorum</strong></span> 
     </span>
     <span class='ocr_line' id='line_1_36' title="bbox 128 2153 1717 2206; baseline -0.004 -12"><span class='ocrx_word' id='word_1_396' title='bbox 128 2160 342 2206; x_wconf 86' lang='lat' dir='ltr'><strong>rogationem</strong></span> <span class='ocrx_word' id='word_1_397' title='bbox 367 2158 551 2204; x_wconf 88' lang='lat' dir='ltr'><strong>Pompeius</strong></span> <span class='ocrx_word' id='word_1_398' title='bbox 576 2169 639 2203; x_wconf 89' lang='lat' dir='ltr'><strong>pro</strong></span> <span class='ocrx_word' id='word_1_399' title='bbox 661 2160 815 2203; x_wconf 90' lang='lat' dir='ltr'><strong>tempore</strong></span> <span class='ocrx_word' id='word_1_400' title='bbox 833 2156 990 2202; x_wconf 85' lang='lat' dir='ltr'><strong>probavit</strong></span> <span class='ocrx_word' id='word_1_401' title='bbox 1007 2155 1274 2201; x_wconf 85' lang='lat' dir='ltr'><strong>Ciceronemque</strong></span> <span class='ocrx_word' id='word_1_402' title='bbox 1291 2155 1471 2201; x_wconf 88' lang='lat' dir='ltr'><strong>permovit,</strong></span> <span class='ocrx_word' id='word_1_403' title='bbox 1496 2157 1536 2190; x_wconf 93' lang='lat' dir='ltr'><strong>ut</strong></span> <span class='ocrx_word' id='word_1_404' title='bbox 1552 2153 1717 2195; x_wconf 85' lang='lat' dir='ltr'><strong>efficeret,</strong></span> 
     </span>
     <span class='ocr_line' id='line_1_37' title="bbox 126 2210 1720 2260; baseline -0.004 -8"><span class='ocrx_word' id='word_1_405' title='bbox 126 2228 170 2252; x_wconf 90' lang='lat' dir='ltr'><strong>ne</strong></span> <span class='ocrx_word' id='word_1_406' title='bbox 206 2216 340 2254; x_wconf 87' lang='lat' dir='ltr'><strong>Caelius</strong></span> <span class='ocrx_word' id='word_1_407' title='bbox 372 2211 610 2253; x_wconf 86' lang='lat' dir='ltr'><strong>intercederet.</strong></span> <span class='ocrx_word' id='word_1_408' title='bbox 660 2214 713 2250; x_wconf 90' lang='lat' dir='ltr'><strong>Ita</strong></span> <span class='ocrx_word' id='word_1_409' title='bbox 746 2216 904 2260; x_wconf 87' lang='lat' dir='ltr'><strong>rogatum</strong></span> <span class='ocrx_word' id='word_1_410' title='bbox 939 2225 958 2249; x_wconf 90' lang='lat' dir='ltr'><strong>a</strong></span> <span class='ocrx_word' id='word_1_411' title='bbox 991 2213 1111 2249; x_wconf 89' lang='lat' dir='ltr'><strong>decem</strong></span> <span class='ocrx_word' id='word_1_412' title='bbox 1145 2212 1291 2249; x_wconf 87' lang='lat' dir='ltr'><strong>tribunis</strong></span> <span class='ocrx_word' id='word_1_413' title='bbox 1328 2211 1551 2258; x_wconf 85' lang='lat' dir='ltr'><strong>privilegium</strong></span> <span class='ocrx_word' id='word_1_414' title='bbox 1584 2210 1720 2246; x_wconf 87' lang='lat' dir='ltr'><strong>Caesari</strong></span> 
     </span>
    </p>
   </div>
   <div class='ocr_carea' id='block_1_5' title="bbox 126 2295 353 2305">
    <p class='ocr_par' dir='ltr' id='par_1_7' title="bbox 126 2295 353 2305">
     <span class='ocr_line' id='line_1_38' title="bbox 126 2295 353 2305; baseline 0 0"><span class='ocrx_word' id='word_1_415' title='bbox 126 2295 353 2305; x_wconf 95' lang='lat' dir='ltr'><strong> </strong></span> 
     </span>
    </p>
   </div>
   <div class='ocr_carea' id='block_1_6' title="bbox 202 2349 474 2391">
    <p class='ocr_par' dir='ltr' id='par_1_8' title="bbox 202 2349 474 2391">
     <span class='ocr_line' id='line_1_39' title="bbox 202 2349 474 2391; baseline -0.004 -11"><span class='ocrx_word' id='word_1_416' title='bbox 202 2351 225 2389; x_wconf 89' lang='lat'><strong>¹)</strong></span> <span class='ocrx_word' id='word_1_417' title='bbox 245 2350 327 2391; x_wconf 73' lang='lat' dir='ltr'><strong>Lang.</strong></span> <span class='ocrx_word' id='word_1_418' title='bbox 346 2349 387 2380; x_wconf 89' lang='lat'>111.</span> <span class='ocrx_word' id='word_1_419' title='bbox 410 2350 474 2379; x_wconf 77' lang='lat'>356.</span> 
     </span>
    </p>
   </div>
   <div class='ocr_carea' id='block_1_7' title="bbox 199 2390 1737 2437">
    <p class='ocr_par' dir='ltr' id='par_1_9' title="bbox 199 2390 1737 2437">
     <span class='ocr_line' id='line_1_40' title="bbox 199 2390 1737 2437; baseline -0.004 -9"><span class='ocrx_word' id='word_1_420' title='bbox 199 2399 225 2437; x_wconf 71' lang='lat'><strong>³)</strong></span> <span class='ocrx_word' id='word_1_421' title='bbox 246 2409 269 2428; x_wconf 76' lang='grc' dir='ltr'><strong><em>ι.</em></strong></span> <span class='ocrx_word' id='word_1_422' title='bbox 291 2400 316 2427; x_wconf 86' lang='lat' dir='ltr'><strong>d.</strong></span> <span class='ocrx_word' id='word_1_423' title='bbox 336 2399 380 2427; x_wconf 86' lang='lat' dir='ltr'><strong>x11</strong></span> <span class='ocrx_word' id='word_1_424' title='bbox 400 2399 454 2427; x_wconf 81' lang='lat' dir='ltr'><strong>Kal.</strong></span> <span class='ocrx_word' id='word_1_425' title='bbox 474 2399 549 2427; x_wconf 74' lang='lat' dir='ltr'><strong>Mart.</strong></span> <span class='ocrx_word' id='word_1_426' title='bbox 569 2401 633 2434; x_wconf 76' lang='lat' dir='ltr'><strong>post</strong></span> <span class='ocrx_word' id='word_1_427' title='bbox 652 2396 723 2425; x_wconf 78' lang='lat' dir='ltr'><strong>diam</strong></span> <span class='ocrx_word' id='word_1_428' title='bbox 744 2396 907 2425; x_wconf 80' lang='lat' dir='ltr'><strong>tricesimum</strong></span> <span class='ocrx_word' id='word_1_429' title='bbox 928 2397 985 2424; x_wconf 78' lang='lat' dir='ltr'><strong>fere</strong></span> <span class='ocrx_word' id='word_1_430' title='bbox 1006 2405 1085 2432; x_wconf 74' lang='lat' dir='ltr'><strong>quam</strong></span> <span class='ocrx_word' id='word_1_431' title='bbox 1103 2399 1161 2424; x_wconf 83' lang='lat' dir='ltr'><strong>erat</strong></span> <span class='ocrx_word' id='word_1_432' title='bbox 1171 2396 1280 2425; x_wconf 86' lang='lat' dir='ltr'><strong>Clodius</strong></span> <span class='ocrx_word' id='word_1_433' title='bbox 1299 2394 1416 2425; x_wconf 86' lang='lat' dir='ltr'><strong>occisus.</strong></span> <span class='ocrx_word' id='word_1_434' title='bbox 1435 2392 1495 2424; x_wconf 80' lang='lat' dir='ltr'><strong>Asc.</strong></span> <span class='ocrx_word' id='word_1_435' title='bbox 1507 2393 1542 2423; x_wconf 75' lang='lat'><strong>36</strong></span> <span class='ocrx_word' id='word_1_436' title='bbox 1555 2393 1605 2423; x_wconf 83' lang='grc' dir='ltr'><strong>ΟΒ.</strong></span> <span class='ocrx_word' id='word_1_437' title='bbox 1617 2390 1714 2421; x_wconf 63' lang='lat' dir='ltr'><strong>SORS</strong></span> <span class='ocrx_word' id='word_1_438' title='bbox 1734 2404 1737 2409; x_wconf 88' lang='lat'>·</span> 
     </span>
    </p>
   </div>
   <div class='ocr_carea' id='block_1_8' title="bbox 198 2445 1711 2535">
    <p class='ocr_par' dir='ltr' id='par_1_10' title="bbox 198 2445 1702 2535">
     <span class='ocr_line' id='line_1_41' title="bbox 198 2447 211 2465; baseline 0 0"><span class='ocrx_word' id='word_1_439' title='bbox 198 2447 211 2465; x_wconf 71' lang='lat'><em>8</em></span> 
     </span>
     <span class='ocr_line' id='line_1_42' title="bbox 198 2445 1711 2535; baseline -0.005 -12"><span class='ocrx_word' id='word_1_440' title='bbox 198 2449 224 2535; x_wconf 55' lang='grc' dir='ltr'><strong>*ζ</strong></span> <span class='ocrx_word' id='word_1_441' title='bbox 242 2445 539 2534; x_wconf 43' lang='grc' dir='ltr'><strong><em>ἒῗιῑοιὲοξῳῗὲἒέιι</em></strong></span> <span class='ocrx_word' id='word_1_442' title='bbox 545 2445 672 2524; x_wconf 47' lang='lat' dir='ltr'><strong>{gaxis</strong></span> <span class='ocrx_word' id='word_1_443' title='bbox 684 2483 857 2531; x_wconf 79' lang='grc' dir='ltr'><strong><em>παρεκάλει</em></strong></span> <span class='ocrx_word' id='word_1_444' title='bbox 874 2483 1061 2531; x_wconf 81' lang='grc' dir='ltr'><strong><em>σύμβουλον</em></strong></span> <span class='ocrx_word' id='word_1_445' title='bbox 1079 2483 1165 2528; x_wconf 70' lang='grc' dir='ltr'><strong><em>αὐτῷ</em></strong></span> <span class='ocrx_word' id='word_1_446' title='bbox 1177 2484 1231 2519; x_wconf 73' lang='grc' dir='ltr'><strong>καὶ</strong></span> <span class='ocrx_word' id='word_1_447' title='bbox 1245 2482 1412 2529; x_wconf 66' lang='grc' dir='ltr'><strong><em>πρόεδρον</em></strong></span> <span class='ocrx_word' id='word_1_448' title='bbox 1429 2482 1507 2518; x_wconf 79' lang='grc' dir='ltr'><strong><em>εἶναι</em></strong></span> <span class='ocrx_word' id='word_1_449' title='bbox 1524 2483 1582 2527; x_wconf 74' lang='grc' dir='ltr'><strong>τῆς</strong></span> <span class='ocrx_word' id='word_1_450' title='bbox 1598 2480 1711 2526; x_wconf 73' lang='grc' dir='ltr'><strong><em>ἀρχῆς.</em></strong></span> 
     </span>
    </p>
   </div>
   <div class='ocr_carea' id='block_1_9' title="bbox 197 2543 1413 2630">
    <p class='ocr_par' dir='ltr' id='par_1_11' title="bbox 197 2543 1413 2630">
     <span class='ocr_line' id='line_1_43' title="bbox 197 2543 480 2581; baseline -0.007 -8"><span class='ocrx_word' id='word_1_451' title='bbox 197 2543 221 2581; x_wconf 64' lang='grc'><strong>8)</strong></span> <span class='ocrx_word' id='word_1_452' title='bbox 241 2545 316 2573; x_wconf 82' lang='lat' dir='ltr'><strong>Suet.</strong></span> <span class='ocrx_word' id='word_1_453' title='bbox 337 2544 413 2572; x_wconf 77' lang='lat' dir='ltr'><strong>Caes.</strong></span> <span class='ocrx_word' id='word_1_454' title='bbox 435 2544 480 2572; x_wconf 79' lang='lat'><strong>2¹1.</strong></span> 
     </span>
     <span class='ocr_line' id='line_1_44' title="bbox 197 2587 1413 2630; baseline -0.003 -10"><span class='ocrx_word' id='word_1_455' title='bbox 197 2592 220 2630; x_wconf 79' lang='lat'><strong>⁶)</strong></span> <span class='ocrx_word' id='word_1_456' title='bbox 240 2592 308 2620; x_wconf 84' lang='lat' dir='ltr'><strong>Plut.</strong></span> <span class='ocrx_word' id='word_1_457' title='bbox 330 2592 423 2629; x_wconf 87' lang='lat' dir='ltr'><strong>Pomp.</strong></span> <span class='ocrx_word' id='word_1_458' title='bbox 445 2592 490 2627; x_wconf 78' lang='lat'><strong>5⁵,</strong></span> <span class='ocrx_word' id='word_1_459' title='bbox 513 2591 548 2621; x_wconf 70' lang='lat'><strong>74</strong></span> <span class='ocrx_word' id='word_1_460' title='bbox 568 2599 609 2628; x_wconf 84' lang='lat' dir='ltr'><strong>sq.</strong></span> <span class='ocrx_word' id='word_1_461' title='bbox 629 2592 691 2620; x_wconf 78' lang='lat' dir='ltr'><strong>Asc.</strong></span> <span class='ocrx_word' id='word_1_462' title='bbox 712 2591 747 2619; x_wconf 80' lang='lat'><strong>52</strong></span> <span class='ocrx_word' id='word_1_463' title='bbox 769 2590 822 2621; x_wconf 88' lang='lat' dir='ltr'><strong>OB.</strong></span> <span class='ocrx_word' id='word_1_464' title='bbox 842 2590 876 2618; x_wconf 80' lang='lat'><strong>27</strong></span> <span class='ocrx_word' id='word_1_465' title='bbox 898 2590 957 2619; x_wconf 83' lang='lat' dir='ltr'><strong>KS:</strong></span> <span class='ocrx_word' id='word_1_466' title='bbox 997 2589 1141 2627; x_wconf 76' lang='lat' dir='ltr'><strong>Pompeius</strong></span> <span class='ocrx_word' id='word_1_467' title='bbox 1162 2598 1247 2627; x_wconf 77' lang='lat' dir='ltr'><strong>gener</strong></span> <span class='ocrx_word' id='word_1_468' title='bbox 1266 2587 1413 2626; x_wconf 81' lang='lat' dir='ltr'><strong>Scipionis.</strong></span> 
     </span>
    </p>
   </div>
   <div class='ocr_carea' id='block_1_10' title="bbox 198 2641 469 2679">
    <p class='ocr_par' dir='ltr' id='par_1_12' title="bbox 198 2641 469 2679">
     <span class='ocr_line' id='line_1_45' title="bbox 198 2641 469 2679; baseline -0.007 -9"><span class='ocrx_word' id='word_1_469' title='bbox 198 2641 220 2678; x_wconf 87' lang='lat'><strong>⁷)</strong></span> <span class='ocrx_word' id='word_1_470' title='bbox 240 2641 323 2679; x_wconf 71' lang='grc' dir='ltr'><strong><em>ιιιις.</em></strong></span> <span class='ocrx_word' id='word_1_471' title='bbox 343 2641 382 2670; x_wconf 76' lang='grc' dir='ltr'><strong>ιιι</strong></span> <span class='ocrx_word' id='word_1_472' title='bbox 406 2641 469 2669; x_wconf 78' lang='lat'><strong>360.</strong></span> 
     </span>
    </p>
   </div>
   <div class='ocr_carea' id='block_1_11' title="bbox 1694 0 1873 117">
    <p class='ocr_par' dir='ltr' id='par_1_13' title="bbox 1694 0 1873 117">
     <span class='ocr_line' id='line_1_46' title="bbox 1694 0 1873 117; baseline 0 2742"><span class='ocrx_word' id='word_1_473' title='bbox 1694 0 1873 117; x_wconf 95' lang='lat' dir='ltr'><strong> </strong></span> 
     </span>
    </p>
   </div>
   <div class='ocr_carea' id='block_1_12' title="bbox 1835 97 1873 378">
    <p class='ocr_par' dir='ltr' id='par_1_14' title="bbox 1835 97 1873 378">
     <span class='ocr_line' id='line_1_47' title="bbox 1835 97 1873 378; textangle 90"><span class='ocrx_word' id='word_1_474' title='bbox 1849 355 1873 378; x_wconf 52' lang='grc' dir='ltr'><strong>ἦ</strong></span> <span class='ocrx_word' id='word_1_475' title='bbox 1835 97 1873 322; x_wconf 43' lang='lat' dir='ltr'><strong>‘wa-AEQQQ</strong></span> 
     </span>
    </p>
   </div>
   <div class='ocr_carea' id='block_1_13' title="bbox 1717 2718 1873 2859">
    <p class='ocr_par' dir='ltr' id='par_1_15' title="bbox 1717 2718 1873 2859">
     <span class='ocr_line' id='line_1_48' title="bbox 1717 2718 1873 2859; baseline 0 0"><span class='ocrx_word' id='word_1_476' title='bbox 1717 2718 1873 2859; x_wconf 95' lang='lat' dir='ltr'><strong> </strong></span> 
     </span>
    </p>
   </div>
  </div>
 </body>
</html>
