1873 2859
381 210 489 269 Cap.
517 210 552 257 Ι.
579 210 648 257 De
676 209 943 256 nominibus
971 208 1018 255 Ο.
1048 204 1225 255 Salusti
1258 206 1423 266 Crispi.

236 311 278 348 In
301 296 354 354 iis,
380 310 466 356 q'uae
491 309 534 345 de
558 308 627 344 vita
650 306 687 344 O.
713 306 838 344 Salusti
862 306 972 354 Crispi
1008 307 1067 342 aut
1090 316 1132 342 ex
1164 305 1270 353 ipsius
1295 304 1422 342 Salusti
1454 304 1589 352 scriptis
1627 304 1686 341 aut

120 371 261 409 aliorum
284 368 439 405 veterum
462 367 667 413 scriptorum
690 364 810 401 confici
833 365 998 412 possunt,
1031 364 1079 400 ita
1101 374 1170 400 non
1194 363 1410 400 consentiunt
1433 363 1496 399 viri
1520 364 1620 406 docti,
1646 365 1686 400 ut

120 425 227 477 paen'e
250 424 337 462 nihil
361 425 417 470 sit,
443 425 533 472 quo'd
557 424 593 460 in
617 423 757 460 dubium
780 434 849 460 non
872 421 1083 464 vocaverint,
1117 420 1153 457 in
1189 420 1454 457 controversiam
1489 431 1558 457 non
1595 421 1684 457 attu-

121 485 232 529 lerint,
257 484 300 520 de
327 485 408 530 qu0,
430 485 470 519 ut
492 483 559 519 dici
584 481 679 525 solet,
711 492 779 518 non
804 480 915 518 adhuc
939 482 1002 517 sub
1027 479 1137 516 iudice
1160 478 1203 515 lis
1228 479 1282 516 sit.
1321 478 1466 526 Singula.¹
1486 478 1591 526 igitur
1615 479 1684 515 sin-

123 542 213 591 gulis
238 540 406 588 capitibus
429 540 478 577 ita
502 540 664 583 tractabo,
688 541 728 575 ut
752 550 837 586 quae
869 539 905 575 in
941 548 1073 585 quaque
1106 548 1143 574 re
1180 539 1273 573 certa
1304 536 1425 580 statui,
1459 547 1546 584 quae
1582 536 1685 573 dubia

118 599 274 646 relinqui,
300 609 386 646 quae
410 596 496 634 falsa
519 597 601 634 reici
625 597 779 640 debeant,
804 607 846 634 ex
869 597 944 643 ipsa
967 594 1250 632 commentatione
1275 594 1434 642 cognosci
1457 594 1577 641 possit.

235 656 371 703 Atque,
403 648 442 691 ut
478 666 498 691 a
529 654 722 691 nominibus
758 654 933 701 scriptoris
968 653 1077 689 nostri
1109 652 1287 699 incipiam,
1321 652 1494 699 quaeritur
1522 651 1683 698 primum,

117 716 183 762 quo
207 714 324 750 ordine
348 713 429 760 poni
454 713 608 749 debeant.
658 711 699 747 In
724 711 860 757 optimis
885 711 977 747 enim
1001 710 1173 747 codicibus
1207 711 1277 745 tam
1301 710 1456 756 scriptis,
1482 720 1586 756 quam
1620 709 1683 745 im-

115 771 243 819 pressis
266 770 359 807 hunc
384 770 537 807 ordinem
560 770 736 815 receptum
760 778 845 811 esse,
870 769 909 804 ut
931 767 1083 804 medium
1105 768 1288 814 poneretur
1312 776 1500 814 cognomen
1513 795 1521 810 ,
1547 765 1682 803 Gortius

80 818 83 824 ¹
117 831 195 865 ante
220 827 481 864 commentarios
505 826 637 862 monuit
661 836 785 871 eosque
809 826 882 871 ipse
921 827 1057 861 secutus
1080 823 1206 860 librum
1240 824 1415 869 inscripsit
1439 823 1510 859 Gaii
1535 823 1684 869 Crispi

116 884 266 922 Sallustii
291 889 377 931 quae
401 884 545 921 exstant.
593 883 738 919 Accedit
762 882 908 918 auctoris
932 880 1011 918 belli
1027 880 1102 918 Afr.
1129 882 1171 926 (c.
1198 880 1267 926 97),
1292 880 1412 916 Horati
1437 879 1487 926 (O.
1512 881 1546 924 2,
1571 881 1604 924 2,
1634 880 1680 925 3),

118 942 265 979 Acronis
291 942 348 988 (ad
372 941 454 979 Hor.
481 940 515 978 S.
543 941 574 984 1,
598 942 632 984 2,
657 940 718 986 41)
743 939 951 986 aliorumque
976 938 1176 982 auctoritas,
1203 938 1261 985 qui
1285 948 1473 986 cognomen
1497 940 1576 975 ante
1599 948 1682 986 gen-

119 1000 261 1035 tilicium
292 1000 489 1045 posuerunt.
539 998 608 1034 Sed
632 1008 710 1033 cum
733 1008 808 1033 mos
832 997 935 1033 fuerit
958 997 1198 1039 Romanorum,
1224 997 1262 1031 ut
1286 1006 1327 1031 ex
1352 996 1460 1031 tribus
1486 995 1681 1030 nominibus

115 1057 364 1106 praeponerent
386 1065 602 1105 praenomen,
627 1055 872 1103 postponerent
896 1064 1094 1103 cognomen,
1127 1053 1278 1090 medium
1302 1052 1534 1102 relinquerent
1557 1063 1682 1091 nomen

117 1115 330 1162 gentilicium
346 1116 383 1160 ¹),
410 1125 512 1161 quem
528 1125 659 1150 morem
675 1114 783 1149 secuti
807 1115 887 1149 sunt
910 1115 1026 1149 auctor
1050 1114 1083 1148 b.
1100 1113 1175 1148 Arr.
1202 1114 1244 1157 (c.
1273 1113 1294 1148 8
1319 1114 1354 1148 et
1379 1113 1438 1157 34)
1463 1114 1498 1148 et
1513 1112 1683 1148 Asconius

117 1171 298 1214 Pedianus,
316 1170 343 1217 ²)
366 1170 425 1208 hic
448 1171 517 1206 iam
541 1171 623 1206 ordo
648 1179 711 1206 usu
736 1171 893 1216 receptus
917 1170 988 1213 est,
1013 1171 1053 1204 ut
1076 1168 1114 1204 (3ss
1139 1167 1305 1204 Salustius
1330 1167 1470 1215 Crispus
1503 1169 1682 1205 scribatur.

116 1229 261 1266 Librarii
285 1229 376 1266 enim
400 1229 436 1265 in
460 1229 649 1265 scribendis
673 1228 866 1265 nominibus
890 1227 1116 1274 posteriorum
1140 1238 1280 1270 morem,
1307 1238 1374 1273 quo
1398 1237 1499 1273 saepe
1523 1228 1582 1263 aut
1599 1227 1681 1263 ordo

115 1287 270 1321 inversus
295 1287 353 1320 aut
376 1286 593 1331 praenomine
610 1286 637 1329 ³)
663 1287 721 1320 aut
744 1285 944 1331 cognomine
958 1284 987 1328 4)
1011 1286 1070 1319 aut
1093 1286 1237 1329 utroque
1253 1283 1280 1327 5)
1306 1283 1431 1318 omisso
1465 1283 1575 1318 solum
1598 1294 1682 1329 gen-

117 1342 259 1380 tilicium
283 1342 449 1391 scriptum
473 1344 535 1388 est,
562 1342 669 1381 secuti
693 1353 767 1380 esse
792 1342 949 1380 videntur
963 1341 1002 1388 6).
1052 1340 1187 1379 Nomen
1211 1339 1322 1388 Crispi
1347 1339 1439 1378 enim
1470 1340 1683 1389 cognominis

115 1402 185 1437 vim
207 1401 335 1437 habere
368 1412 409 1437 ex
434 1412 474 1437 eo
497 1401 715 1447 intellegitur,
742 1402 833 1447 quod
849 1400 986 1436 Servius
1012 1399 1185 1435 adnotavit
1208 1400 1250 1434 ad
1279 1399 1383 1445 Verg.
1408 1399 1495 1434 Aen.
1521 1397 1565 1441 II,
1591 1392 1682 1435 469:

116 1457 315 1505 „Pyrrhus“
340 1469 361 1494 a
379 1457 489 1494 colore
514 1469 630 1495 comae
654 1457 775 1501 dictus,
801 1457 860 1505 qui
883 1456 985 1492 latine
1010 1456 1133 1503 byrrus
1158 1454 1212 1501 (al.
1236 1456 1373 1500 burrus)
1399 1455 1532 1492 dicitur.
1556 1455 1611 1492 Ita
1647 1457 1683 1492 et

115 1516 282 1567 Salustius
308 1516 504 1563 ‚,Orispus.“
551 1516 644 1563 Ergo
669 1528 689 1552 a
713 1516 824 1562 crispa
848 1526 945 1552 coma
968 1515 1079 1551 dictus
1104 1516 1157 1550 est
1180 1513 1338 1560 Crispus,
1365 1524 1450 1560 quae
1483 1513 1585 1562 vulgo
1617 1514 1683 1551 fuit

115 1574 354 1621 cognominum
378 1573 482 1621 origo.
530 1573 632 1609 Errat
656 1573 747 1610 enim
772 1571 928 1615 Gerlach,
954 1582 1031 1608 cum
1056 1571 1163 1618 signis
1200 1571 1340 1607 aduncis
1383 1571 1517 1607 omissis
1554 1570 1684 1619 colligit

113 1630 258 1668 formam
284 1631 453 1676 „burrus“
490 1630 544 1669 vel
577 1631 745 1679 ‚,byrrus“
778 1640 854 1668 esse
879 1628 1015 1667 Salusti.
1063 1628 1156 1667 Haec
1188 1629 1230 1666 de
1264 1628 1380 1667 ordine
1419 1629 1606 1674 nominum,
1643 1629 1681 1667 in

113 1700 180 1734 quo
203 1691 272 1725 iam
296 1701 414 1726 omnes
439 1690 661 1731 consentiant,
686 1689 859 1724 monuisse
882 1687 1039 1723 sufficiat.

209 1745 276 1783 Sed
299 1746 336 1782 in
360 1746 539 1782 scribendo
577 1745 714 1781 nomine
738 1743 911 1792 gentilicio
936 1744 994 1791 qui
1018 1742 1145 1780 Salusti
1169 1743 1295 1791 scripta
1319 1743 1499 1780 ediderunt
1529 1743 1566 1779 in
1592 1743 1677 1779 duas

111 1805 227 1850 partes
252 1804 441 1842 discedunt.
491 1803 577 1841 Cum
602 1803 693 1841 enim
718 1803 776 1850 qui
799 1813 907 1850 nuper
932 1802 1129 1847 ediderunt,
1154 1804 1193 1839 ut
1216 1802 1346 1849 priores
1371 1802 1536 1846 omittam,
1562 1812 1680 1839 omnes

111 1863 247 1905 praeter
271 1861 490 1897 Gerlaclrium
514 1861 526 1897 l
549 1861 663 1896 littera
702 1862 875 1906 geminata
907 1861 1059 1896 scribant
1094 1870 1219 1895 nomen
1244 1859 1399 1902 Sallusti,
1426 1859 1572 1895 Gerlach
1607 1860 1680 1905 ipse

110 1916 146 1952 in
171 1917 329 1955 omnibus
354 1929 438 1966 quas
463 1917 595 1966 inspexi
620 1917 824 1955 editionibus
849 1928 917 1954 non
940 1916 1112 1964 geminata
1127 1915 1242 1954 littera
1265 1915 1278 1953 l
1302 1915 1440 1964 scripsit
1463 1915 1677 1960 „Salustius“

112 1975 320 2020 optimorum
344 1977 567 2020 codicum,
592 1978 631 2012 ut
662 1977 735 2023 ipse
760 1976 842 2012 dicit
857 1976 894 2021 ⁷),
930 1975 1165 2011 auctoritatem
1204 1977 1350 2011 secutus.
1400 1974 1514 2021 Atque
1546 1974 1582 2010 in
1619 1974 1678 2010 Sa-

110 2030 191 2067 lusti
217 2033 390 2070 codicibus
411 2034 580 2081 quomodo
604 2031 770 2081 scriptum
795 2033 840 2069 sit
862 2043 986 2069 nomen
999 2031 1136 2076 Salusti,
1162 2043 1239 2069 cum
1255 2042 1298 2069 ne
1314 2031 1457 2068 Dietsch
1481 2031 1619 2078 quidem
1643 2031 1680 2067 in

111 2092 276 2136 apparatu
300 2091 418 2128 critico
442 2092 577 2136 referat,
604 2103 667 2139 ego
692 2091 864 2138 inquirere
888 2102 957 2127 non
980 2091 1084 2137 potui,
1111 2101 1222 2137 neque
1247 2090 1328 2137 quid
1361 2089 1503 2126 aliorum
1535 2089 1677 2136 scripto-

111 2158 188 2183 rum
211 2150 250 2184 ut
273 2149 439 2186 Prisciani
464 2152 499 2186 et
523 2149 642 2192 Servii,
668 2160 753 2196 quos
780 2148 926 2185 Gerlach
950 2148 985 2184 in
1010 2159 1107 2184 suam
1144 2148 1347 2184 sententiam
1379 2147 1506 2191 adfert,
1543 2147 1678 2184 codices

111 2203 303 2250 exhibeant,
329 2207 396 2244 nisi
421 2218 463 2244 ex
487 2207 691 2244 editionibus
716 2206 868 2244 conicere
893 2217 962 2243 non
985 2205 1090 2254 potui.
1141 2204 1233 2251 Quae
1269 2207 1382 2243 tamen
1414 2205 1462 2242 ita
1497 2216 1565 2243 non
1598 2216 1676 2243 con-

225 2301 248 2338 ¹)
267 2302 373 2331 Liibker
392 2313 414 2332 s.
434 2313 458 2332 v.
477 2304 581 2332 Nomen
600 2304 629 2332 11.
648 2313 674 2341 p.
695 2304 759 2332 688.

224 2347 247 2386 ²)
268 2349 294 2377 in
314 2350 481 2379 Milonianam
501 2360 526 2388 p,
546 2351 591 2386 45,
613 2351 649 2379 14
668 2350 939 2388 Kiessling-Schoell.

224 2396 247 2433 ³)
266 2398 380 2434 Tacitus,
400 2400 509 2428 annales
530 2400 556 2434 1,
576 2400 602 2428 6.
623 2400 648 2434 2,
668 2400 713 2428 40.
735 2401 760 2435 3,
781 2399 826 2429 50.

224 2443 249 2481 ⁴)
269 2445 329 2473 Tae.
350 2455 411 2476 ann.
431 2447 457 2482 3,
478 2447 522 2475 50.
562 2447 636 2477 Suet.
656 2457 738 2485 gram.
761 2447 804 2475 ¹0.
823 2448 920 2476 Ascon.
939 2446 1027 2476 Milon.
1049 2455 1074 2483 p.
1094 2447 1138 2481 55,
1160 2446 1185 2474 ί.
1205 2446 1250 2480 45,
1273 2446 1307 2473 19
1327 2445 1377 2473 Rs.

223 2491 246 2529 ⁵)
267 2492 340 2522 Suet.
360 2503 440 2531 gram
462 2495 505 2523 10.
526 2496 586 2524 Asc.
607 2495 658 2525 Mil.
685 2504 710 2533 p.
737 2496 792 2530 55,
821 2496 846 2523 6.
872 2496 922 2530 39,
956 2495 991 2524 16
1022 2494 1072 2523 KS.
1099 2493 1198 2531 passim
1225 2493 1294 2531 apud
1322 2492 1527 2529 Quintilianum,
1554 2493 1678 2528 Gellium,

112 2537 241 2575 Servium,
262 2541 336 2570 alios.
1723 2542 1725 2544 ¹

225 2587 249 2624 ⁸)
269 2589 361 2618 muner
380 2599 406 2627 p.
427 2590 462 2619 16
482 2592 511 2618 et
531 2591 575 2619 17.

225 2634 247 2673 ⁷)
267 2636 356 2666 adnot.
377 2636 484 2667 criticae
504 2637 578 2668 initio
598 2647 623 2677 p.
644 2638 708 2667 445.
