1873 2859
145 268 160 278 ⁵
220 262 303 319 Quis
329 267 444 304 autem
467 265 572 301 suerit
596 256 652 301 ille
667 263 859 308 Sallustius,
884 263 950 300 viri
975 263 1067 299 docti
1090 274 1159 299 non
1184 263 1413 299 consentiunt.
1460 264 1576 310 Atque
1606 264 1698 301 Wie-

106 323 186 363 land
197 325 355 360 nostrum
369 322 556 359 Salustium
569 324 744 358 auctorem
756 321 862 358 fuisse
874 320 1182 367 Empedocleorum
1202 323 1343 367 putasse
1360 321 1505 364 videtur,
1520 322 1700 358 adnotavit

105 377 197 431 enim
210 381 240 428 ¹)
265 380 307 415 ad
333 379 437 415 verba
466 379 553 422 „den
577 377 804 424 Empedocles
829 377 1095 414 desSallustius“
1126 379 1186 421 (sic
1211 379 1303 414 enim
1329 378 1465 425 vertit):
1518 378 1604 420 „Ein
1630 390 1698 423 von

106 427 297 481 SallustiuS,
325 438 390 474 wie
416 448 453 474 es
479 436 615 473 scheint
639 448 699 472 vor
736 436 876 472 kurzem
908 435 1060 472 bekannt
1091 435 1292 482 gemachtes
1318 435 1426 472 Werk
1452 428 1697 483 (vermuthlieh

104 494 192 534 auch
216 496 272 532 ein
296 494 557 542 Lehrgedicht),
584 494 733 531 welches
758 494 848 530 nach
873 494 1004 529 diesem
1029 495 1192 540 strengen
1217 484 1355 529 Urtheil
1369 492 1497 529 Cicero'
1501 504 1518 529 s
1543 494 1591 529 im
1604 489 1696 529 Zoni

105 555 176 592 der
197 548 322 590 Musen
355 554 426 590 und
462 553 607 589 Grazien
639 551 868 600 geschrieben
901 557 991 588 war
1058 549 1168 596 Quam
1201 552 1396 598 opinionem
1430 551 1495 587 etsi
1528 545 1698 588 veriorem

92 612 255 649 seddidit
289 612 444 648 Schoene
462 612 496 655 2),
533 614 649 647 tamen
682 611 724 647 ad
758 610 818 646 Cn.
857 610 1057 646 Sallustium
1082 609 1254 646 Ciceronis
1289 610 1438 646 amicum
1471 610 1558 646 haec
1593 611 1698 646 verba

100 670 286 706 referenda
311 680 397 713 esse,
424 669 516 715 quod
540 669 691 715 primum
717 668 838 703 statuit
850 669 890 715 3),
926 670 1043 704 tenere
1068 668 1203 703 videtur
1214 667 1245 714 4)
1272 666 1401 703 Teuffel
1426 667 1542 703 nescio
1568 652 1693 713 quibus

106 729 273 765 adductus
300 727 524 775 argumentis
563 726 656 763 Nam
680 726 716 762 in
733 725 794 762 Cn.
810 726 949 773 quidem
967 725 1177 769 Sallustium,
1205 725 1262 772 qui
1288 725 1399 761 officio
1425 724 1507 761 vicit
1527 736 1646 761 omnes
1659 724 1697 783 ξ’),

105 788 200 822 tanta
233 786 336 821 iudici
371 786 555 821 acerbitate
588 796 690 820 usum
723 796 799 819 esse
834 784 1052 826 Ciceronem,
1088 795 1191 829 quem
1216 783 1347 818 Plinius
1373 783 1443 829 (ep.
1470 783 1532 825 III,
1563 784 1617 826 15,
1647 784 1696 828 1),

110 843 216 886 „mira
232 842 443 889 benignitate
461 844 641 888 poetarum
658 841 796 888 ingenia
814 841 960 877 fovisse“
982 841 1075 884 dicit,
1102 841 1261 887 equidem
1287 841 1425 877 credere
1451 851 1520 876 non
1544 851 1697 886 possum.

105 900 223 936 Alium
247 900 354 945 igitur
380 899 579 935 Sallustium
605 911 645 935 ea
670 900 821 934 carmina
846 899 1079 945 composuisse
1104 900 1197 944 puto.

218 956 333 1002 Atque
367 958 526 992 nostrum
550 956 738 992 Salustium
772 966 811 991 ea
846 956 1025 1002 scripsisse
1058 950 1151 991 haud
1184 955 1272 991 levia
1307 957 1365 990 aut
1399 954 1536 990 infirma
1559 954 1699 1001 praesto

105 1016 184 1050 sunt
210 1017 422 1061 argumenta.
473 1014 570 1051 Licet
595 1015 686 1051 enim
712 1014 929 1050 usitatissimi
963 1014 1034 1050 fere
1067 1013 1180 1049 moris.
1205 1013 1311 1049 tuisse
1351 1013 1507 1049 videatur
1542 1013 1694 1059 poeticas

106 1072 366 1108 exercitationes
401 1073 601 1115 instituere,
636 1074 675 1107 ut
709 1072 827 1108 Cicero
861 1072 1062 1108 adulescens
1097 1082 1136 1107 eo
1171 1083 1269 1113 anno,
1305 1082 1372 1117 quo
1408 1071 1541 1106 virilem
1581 1066 1721 1119 togam⁴

105 1130 253 1176 sumpsit
279 1131 447 1176 (663s91),
474 1141 596 1176 poema
620 1130 782 1165 Pontium
809 1129 976 1165 Glaucum
1002 1130 1155 1165 condidit
1181 1131 1215 1164 et
1240 1139 1377 1164 carmen
1403 1128 1581 1164 heroicum
1596 1121 1698 1163 Marii

104 1188 242 1223 nomine
259 1187 463 1233 inscriptum
478 1188 501 1232 6)
529 1189 563 1223 et
579 1188 735 1233 proximo
754 1198 842 1223 anno
860 1187 1016 1234 (664s90)
1031 1186 1131 1222 Arati
1152 1186 1389 1232 phaenomena
1407 1185 1521 1220 latinis
1540 1185 1696 1236 versibus

106 1245 266 1287 reddidit,
294 1247 410 1280 tamen
437 1245 683 1290 Empedoclea,
719 1255 805 1289 quae
840 1241 919 1279 cu'm
942 1244 1082 1278 Lucreti
1116 1244 1324 1278 carminibus
1360 1246 1542 1288 componat
1567 1242 1697 1285 Cicero,

103 1301 308 1338 iuvenilibus
335 1302 637 1338 exercitationibus
663 1301 839 1348 superiora
864 1300 969 1337 fuisse
995 1300 1164 1337 videntur.
1202 1300 1311 1347 Atqui
1336 1302 1493 1336 nostrum
1508 1299 1696 1336 Salustium

103 1361 246 1405 poeticis
270 1361 374 1396 rebus
401 1360 500 1396 solito
525 1360 602 1405 plus
628 1361 822 1396 exercuisse
847 1359 1025 1405 ingenium
1059 1370 1100 1395 ex
1134 1360 1206 1394 eius
1243 1359 1380 1404 scriptis
1415 1359 1498 1394 satis
1523 1358 1564 1394 fit
1588 1356 1697 1393 mani-

103 1416 240 1452 festum.
293 1416 392 1452 Color
418 1417 509 1452 enim
533 1416 589 1452 ille
615 1417 769 1463 poeticus
796 1418 830 1451 et
855 1415 1027 1458 nonnulla,
1063 1426 1150 1461 quae
1176 1426 1217 1451 ex
1242 1416 1364 1461 priscis
1390 1415 1553 1451 Romanis
1586 1415 1697 1461 poetis

103 1475 284 1520 desumpta
310 1486 385 1510 esse
411 1475 580 1521 videntur,
606 1475 663 1511 vix
688 1475 824 1510 aliunde
849 1473 1021 1520 proficisci
1045 1475 1240 1519 potuerunt

217 1531 327 1575 Quare
352 1532 482 1568 factum
515 1534 619 1578 puto,
653 1534 692 1567 ut
717 1532 856 1567 Servius
882 1532 1047 1567 ducentos
1087 1531 1158 1567 fere
1186 1530 1313 1566 Salusti
1337 1530 1431 1566 locos
1457 1542 1534 1566 cum
1556 1516 1695 1590 Vergili

60 1617 61 1620 η
104 1587 188 1625 locis
214 1585 386 1625 conferret
411 1600 537 1636 eosque
562 1587 632 1625 ιιοιι
656 1600 733 1625 raro
759 1600 838 1624 cum
862 1588 1002 1624 Lucreti
1027 1588 1110 1624 locis
1136 1588 1370 1634 coniungeret,
1397 1590 1435 1623 ut
1461 1588 1504 1623 ad
1529 1580 1634 1634 Gorg'
1662 1589 1697 1631 3,

104 1647 148 1683 48
167 1647 216 1692 (in
233 1645 458 1683 describenda
474 1647 670 1693 pestilentia
697 1646 910 1693 Vergilius),
915 1647 1082 1685 ordinem
1100 1648 1238 1681 secutus
1257 1648 1319 1689 est,
1339 1648 1443 1691 quem
1460 1648 1495 1681 et
1516 1644 1697 1681 Lucretius

103 1706 137 1740 et
161 1704 375 1740 Sallustiusf‘
429 1704 539 1749 Quam
572 1704 711 1750 quidem
744 1703 960 1750 pestilentiae
994 1703 1260 1750 descriptionem
1286 1702 1382 1738 Kritz
1416 1702 1464 1749 (h.
1495 1704 1527 1746 3,
1553 1704 1613 1747 27)
1652 1690 1698 1738 ad

102 1754 325 1799 historiarum
349 1763 475 1799 librum
501 1762 641 1800 tertium
665 1762 781 1806 refert,
809 1758 957 1798 Gerlach
985 1762 1022 1798 in
1055 1761 1264 1797 incertorum
1299 1760 1465 1797 librorum
1490 1754 1661 1818 reliquias
1665 1760 1699 1823 7)

102 1820 292 1865 rettulerat,
318 1821 463 1857 Dietsch
488 1822 612 1856 omisit
661 1820 746 1856 Inde
781 1820 936 1856 Schoene
974 1831 1050 1856 eam
1083 1819 1322 1865 Empedocleis
1362 1811 1580 1855 tribuendam
1624 1812 1698 1867 esse

103 1878 227 1914 conicit
252 1881 287 1914 et
311 1878 395 1915 alios
421 1878 533 1914 adfert
559 1878 686 1914 Salusti
709 1877 802 1914 locos
829 1888 870 1913 ex
895 1877 1025 1921 Servio,
1052 1878 1121 1923 qui,
1149 1888 1228 1912 cum
1252 1872 1410 1912 historiis
1433 1888 1535 1930 aegre
1561 1862 1697 1922 possint

103 1935 219 1979 inseri,
258 1932 299 1972 ex
324 1930 563 1985 Empedocleis
598 1936 771 1982 desumpti
796 1946 871 1971 esse
907 1936 1077 1978 videntur,
1111 1937 1151 1970 ut
1175 1933 1360 1980 descriptio
1387 1932 1498 1970 terrae
1524 1923 1638 1988 ι”ιιόιιιε
1653 1920 1693 1979 3).

105 1991 197 2037 Quae
235 1994 265 2029 si
303 2005 344 2030 ex
381 1992 621 2040 Empedocleis
659 1994 841 2040 desumpta
878 1996 968 2037 sunt,
1009 1995 1101 2029 certe
1139 1993 1278 2029 Servius
1313 1992 1469 2028 nostrum
1505 1977 1695 2028 Salustium

105 2051 147 2086 ab
173 2050 231 2089 illo
250 2051 560 2107 Empedoclem-um
585 2052 722 2097 auctore
748 2063 817 2087 non
842 2040 1009 2087 distinxit.

207 2103 388 2145 Accedunt
407 2104 571 2146 nonnulla
586 2101 804 2156 Empedoclis
818 2103 853 2145 et
865 2101 1107 2155 philosophiae
1118 2112 1152 2145 et
1165 2093 1258 2145 stili
1248 2121 1282 2144 m
1295 2101 1404 2145 nostri
1418 2095 1544 2144 Salusti
1558 2100 1702 2155 scriptis

103 2165 238 2203 indicia.
291 2168 331 2203 Vt
364 2168 457 2205 enim
481 2167 708 2215 Empedocles
741 2179 811 2203 non
844 2178 952 2203 unum
976 2167 1164 2204 alterumve
1192 2166 1436 2214 philosophum
1464 2169 1603 2202 secutus
1631 2170 1695 2210 est,

104 2225 165 2259 sed
201 2225 427 2272 Anaxagorae
465 2226 681 2262 Parmenidis
719 2225 938 2271 Pythagorae
975 2227 1177 2271 praecepta,
1224 2234 1311 2270 quae
1349 2225 1413 2259 sibi
1451 2225 1695 2269 probarentur,

220 2292 244 2339 ι)
264 2297 323 2331 Vol.
342 2303 382 2331 111.
402 2297 428 2341 p.
449 2290 505 2331 2‘1'9
526 2303 586 2334 adn.

219 2349 243 2387 ²)
264 2351 346 2379 Jahns
367 2347 456 2380 Jahrb.
478 2351 552 2379 1866
573 2360 599 2387 p.
623 2336 782 2379 75i—7'56

220 2397 244 2436 ¹³)
264 2398 345 2437 Pauly
365 2399 425 2428 Rer
445 2399 553 2437 Encycl.
573 2399 612 2434 VI,
634 2399 647 2427 1
671 2408 697 2436 p.
720 2398 783 2434 702,
805 2398 830 2429 5

219 2445 243 2484 ⁴)
263 2447 293 2476 a.
314 2448 364 2477 ιιι.
383 2448 419 2476 ιιι
439 2448 504 2478 189.
526 2449 552 2477 5.

219 2493 244 2533 ι5)
266 2495 320 2525 Cic.
342 2497 404 2525 fam.
425 2497 470 2532 14,
490 2496 517 2532 4,
539 2489 562 2524 (ι’
577 2497 612 2527 ef.
631 2497 684 2526 Att.
707 2497 751 2532 11,
773 2496 818 2531 11,
839 2495 855 2523 2

219 2543 242 2581 ⁸)
262 2545 330 2575 Plut.
352 2545 405 2575 Cic.
427 2547 453 2581 1,
474 2545 528 2576 Cic.
550 2546 584 2574 de
603 2546 656 2583 leg.
678 2546 704 2581 1,
727 2547 752 2576 1.

221 2592 246 2629 7)
267 2594 309 2621 ed.
329 2595 388 2621 mni.
411 2595 475 2624 191.
496 2594 560 2622 min.
581 2590 693 2622 inesse
712 2603 738 2630 p.
760 2594 823 2627 239,
845 2594 870 2620 9.

218 2639 243 2679 ⁸)
263 2639 338 2671 Serv.
358 2642 437 2680 Vei-g.
458 2641 556 2680 Georg.
578 2642 604 2678 2,
625 2641 681 2670 479
703 2651 737 2666 =
757 2641 828 2670 Kritz
848 2641 873 2671 h.
895 2640 920 2676 2,
942 2641 977 2669 52
997 2639 1032 2665 1-4
1056 2635 1172 2670 Dietsch.
1193 2639 1219 2669 h.
1241 2634 1268 2677 2,
1291 2640 1348 2669 43ss

108 144 158 199 ad.
175 130 317 194 Lucreti
346 136 505 198 poemata
537 142 745 195 perlegenda
769 130 835 184 viri
867 142 1067 184 assiduitate
1099 147 1133 183 et
1156 143 1272 183 labore
1299 156 1383 193 opus
1408 156 1484 184 esse
1510 147 1698 191 videretur,
1731 137 1733 139 ’

107 196 336 256 Empedoclea
353 201 501 243 Sallusti
528 207 585 242 vix
608 205 718 242 ullum
741 202 918 242 hominem
941 204 1056 252 legere
1080 216 1182 251 posse
1207 207 1345 251 putaret
1370 205 1496 241 Cicero
