1873 2859
132 94 179 131 38

129 188 192 236 μὲν
229 192 310 234 τούς
345 190 384 228 ἐκ
416 194 487 228 τῶν
521 191 789 242 ἀπελευθέρων,
828 195 973 241 συχνούς
1000 193 1039 230 δὲ
1064 193 1123 231 καὶ
1146 195 1215 230 τῶν
1238 195 1344 232 mim?
1357 192 1500 243 γεναῖων
1535 192 1661 240 ἄλλους
1683 206 1732 241 σε,

130 249 188 285 καὶ
212 251 272 286 τὸν
286 248 452 298 Κρίσπον
476 252 537 287 τὸν
561 253 776 289 Σαλούστιον
799 253 860 289 τὸν
884 254 948 302 τήν
973 250 1127 301 ἱστορίαν
1151 254 1344 302 γράψαντα,
1371 255 1586 292 &asininam
1609 254 1648 298 ἐκ
1670 257 1733 291 τοῦ

132 306 327 354 συνεδρίου.
353 311 414 345 τὸν
439 309 558 356 μέντοι
585 308 767 358 Κουρίωνα
792 311 1013 359 μελλήσαντα
1036 311 1094 347 καὶ
1117 312 1222 346 αὐτὸν
1247 313 1591 361 ἅπαλειφθήσεσθαι
1610 311 1732 360 ἐξῃτή-

132 379 220 403 σατο
244 369 335 415 μετὰ
358 370 421 404 τοῦ
448 369 596 405 Παύλου
621 370 676 416 (L.
702 368 834 406 Aemili
863 369 1054 416 consulis),
1083 363 1195 417 οὗπερ
1220 365 1453 419 συγγενῇςῆν.
1468 372 1602 408 Narrat
1625 371 1732 419 igitur

134 427 274 463 Cassius
301 429 463 465 Pisonem
497 429 643 465 invitum
677 429 817 475 quidem
852 429 914 464 sed
939 428 1095 464 Caesaris
1127 430 1235 465 soceri
1261 430 1373 476 gratia
1398 431 1529 466 factum-
1551 441 1628 466 esse
1653 440 1732 466 cen-

132 496 246 521 sorem
273 488 309 522 et
334 487 447 532 ipsum
474 487 625 532 quidem,
653 498 732 522 cum
758 498 778 522 a
802 486 950 533 negotiis
977 487 1115 522 omnino
1140 486 1362 530 abhorreret,
1396 488 1570 524 neminem
1594 490 1732 524 notasse

133 555 246 590 neque
273 544 437 586 eiecisse,
473 546 532 580 sed
560 544 720 587 Claudio,
755 545 814 590 qui
848 546 883 580 et
916 544 985 579 vim
1019 544 1165 581 inferret
1196 547 1231 581 et
1256 545 1394 582 Caesari
1423 546 1732 591 quamvis-invitus

132 601 281 636 multum
321 605 521 647 prodesset,
567 614 637 638 non
675 602 870 643 obstitisse,
919 601 1103 647 quominus
1141 603 1275 648 equites
1311 606 1346 638 et
1384 606 1560 639 senatores
1598 606 1733 639 notaret

131 658 298 705 plurimos
333 662 368 695 et
405 671 482 695 cum
522 659 606 696 alios
645 660 772 696 multos
806 661 881 695 tum
907 659 1095 695 Salustium
1131 660 1336 707 scriptorem
1368 660 1572 697 historicum
1610 663 1732 698 senatu

130 720 307 752 moveret:
334 729 440 753 unum
467 718 649 753 Curionem
677 729 756 753 cum
781 717 819 752 L.
837 718 987 753 Aemilio
1012 717 1119 753 Paulo
1143 718 1210 753 sibi
1236 719 1421 764 expetiisse
1439 719 1602 755 Pisonem
1619 731 1731 765 neque

131 777 244 812 tamen
281 775 448 822 impedire
483 775 636 823 potuisse
661 775 835 823 Appium,
875 775 1060 822 quominus
1095 775 1129 811 in
1156 777 1278 812 senatu
1305 777 1513 814 sententiam
1540 777 1732 814 censoriam

129 836 172 870 de
208 846 248 870 eo
282 835 430 878 ferret.¹)
480 834 590 870 Causa
624 838 739 870 autem
772 845 860 881 quae
891 834 996 870 fuerit
1020 835 1135 880 Appio
1162 837 1232 870 tam
1258 836 1386 871 multos
1412 838 1533 871 senatu
1560 836 1730 878 movendi,

130 892 287 937 quamvis
322 903 390 927 non
424 894 541 937 aperte
576 892 669 928 dicat
693 892 779 934 Dio,
819 894 935 927 tamen
965 903 1034 927 non
1060 892 1205 928 obscure
1231 904 1250 928 a
1275 892 1424 938 partium
1453 894 1569 928 studio
1594 894 1730 939 repetit.

130 950 265 994 Appius
300 950 390 984 enim
426 961 504 985 cum
531 950 675 995 Pompei
708 951 825 995 partes
852 949 1062 994 suscepisset
1087 961 1190 994 quam
1216 950 1401 995 plurimos,
1436 951 1495 995 qui
1532 963 1550 985 a
1576 950 1731 986 Caesaris

129 1006 286 1052 partibus
312 1006 471 1049 stabantt
507 1009 629 1042 senatu
655 1017 793 1042 movere
819 1005 1001 1042 consilium
1027 1009 1175 1052 ceperat.
1229 1007 1297 1042 Sed
1323 1018 1433 1053 neque
1460 1007 1550 1042 solos
1576 1007 1731 1043 Caesaris

130 1066 358 1099 assectatores
397 1065 539 1099 eiecisse
575 1065 729 1110 Appium
766 1064 940 1110 colligitur
977 1075 1019 1099 ex
1061 1064 1145 1109 ipsis
1185 1064 1305 1100 Dionis
1340 1065 1453 1100 verbis
1492 1066 1563 1109 (40,
1591 1066 1647 1107 63,
1675 1066 1730 1108 3):

129 1119 165 1154 ἐκ
191 1120 316 1155 τούτου
342 1121 477 1163 πάντας
503 1121 629 1162 αὐτούς
652 1121 698 1155 τὰ
721 1122 783 1155 τοῦ
811 1118 991 1167 Καίσαρος
1006 1122 1147 1168 φρονεῖν
1163 1118 1337 1168 ἐποίησεν.
1365 1122 1410 1157 Et
1428 1123 1568 1157 Ateium
1591 1123 1731 1168 quidem

129 1178 341 1225 Capitonem,
370 1178 545 1215 Ciceronis
571 1179 880 1214 familiarissimum
897 1178 943 1223 ²),
970 1181 1119 1221 notasse,
1146 1180 1238 1225 quod
1264 1190 1341 1215 cum
1362 1179 1506 1214 Crassus
1533 1180 1568 1215 in
1593 1180 1729 1226 provin-

130 1237 218 1272 ciam
245 1236 541 1282 proficisceretur⁷
568 1237 724 1282 auspicia
750 1237 936 1273 ementitus
962 1239 1073 1279 esset,
1102 1237 1200 1272 testis
1227 1240 1280 1272 est
1305 1237 1424 1272 Cicero
1449 1238 1491 1272 de
1517 1238 1584 1273 div.
1615 1239 1643 1280 1,
1674 1239 1728 1280 16,

129 1296 196 1330 29:
227 1295 393 1339 „Appius‚
420 1295 531 1329 bonus
558 1305 669 1339 augur
694 1306 762 1329 uon
788 1295 872 1329 satis
898 1294 1047 1330 scienter
1072 1295 1182 1329 virum
1210 1296 1336 1330 bonum
1364 1297 1399 1330 et
1420 1295 1529 1330 civem
1552 1295 1729 1342 egregium

130 1362 254 1387 censor
280 1351 314 1386 C.
338 1352 479 1387 Ateium
506 1352 648 1394 notavit,
676 1352 767 1397 quod
793 1351 997 1387 ementitum
1024 1352 1175 1397 auspicia
1200 1352 1453 1397 subscripserit.
1498 1352 1601 1387 Esto:
1628 1352 1733 1388 fuerit

126 1409 193 1444 hoc
223 1409 388 1451 censoris,
416 1410 443 1443 si
471 1409 645 1444 iudicabat
670 1409 886 1448 ementitum.
914 1412 948 1444 at
973 1408 1056 1444 illud
1084 1409 1224 1444 minime
1251 1410 1401 1455 auguris,
1430 1411 1521 1455 quod
1548 1410 1732 1455 adscripsit

129 1466 171 1500 ob
198 1476 272 1501 eam
300 1477 438 1500 causam
466 1465 630 1511 populum
657 1466 852 1500 Romanum
877 1465 1108 1501 calamitatem
1135 1467 1318 1501 maximam
1334 1467 1498 1512 cepisse.“
1529 1466 1622 1501 Haec
1649 1477 1731 1512 ergo

129 1523 194 1558 fuit
219 1524 463 1569 praescriptio,
504 1534 793 1572 veram'causam
828 1523 934 1559 fuisse
968 1524 1178 1569 putaverim,
1218 1525 1308 1569 quod
1347 1524 1451 1565 „tanti
1487 1524 1516 1559 is
1551 1523 1732 1560 Caesarem

129 1581 259 1616 faceret
293 1592 498 1627 semperque
542 1581 747 1625 fecisset.“³)
785 1580 901 1616 Etiam
935 1580 970 1616 O.
1007 1581 1224 1616 Scribonium
1258 1581 1440 1617 Curionem
1480 1582 1558 1617 trib.
1593 1581 1637 1627 pl.
1671 1592 1731 1627 per

128 1648 266 1672 causam
302 1638 441 1683 quidem
477 1638 644 1672 malorum
679 1649 814 1672 morum
848 1639 909 1673 sed
942 1648 979 1672 re
1020 1649 1099 1672 vera
1132 1638 1175 1672 ob
1201 1638 1384 1672 amicitiam
1421 1638 1576 1673 Caesaris
1611 1641 1731 1673 senatu

128 1706 266 1731 movere
293 1699 435 1731 conatus
462 1698 524 1738 est,
553 1696 644 1741 quod
671 1707 712 1731 ex
726 1696 861 1731 Pisonis
888 1698 922 1731 et
936 1695 1032 1731 Pauli
1056 1696 1301 1731 intercessione
1327 1699 1362 1731 et
1388 1707 1427 1731 ex
1455 1696 1496 1731 iis
1511 1696 1731 1731 manifestum

128 1754 177 1794 fit,
205 1764 292 1799 quae
319 1756 438 1799 postea
463 1754 498 1789 in
526 1756 646 1789 senatu
674 1756 750 1789 acta
775 1753 899 1798 sunm)
937 1753 985 1789 M.
1014 1753 1167 1789 Caelium
1192 1756 1326 1795 autem,
1365 1754 1422 1799 qui
1457 1765 1567 1800 neque
1604 1757 1684 1789 tunc
1711 1765 1731 1789 a

127 1811 283 1847 Caesaris
311 1811 467 1857 partibus
493 1812 608 1848 stabat
633 1814 667 1847 et
693 1811 807 1857 ipsum
832 1811 986 1857 Appium
1021 1812 1063 1846 de
1089 1812 1268 1847 maiestate
1294 1822 1391 1846 reum
1425 1812 1643 1856 adiuverat⁵)‚
1672 1823 1731 1847 cur

127 1871 245 1905 notare
271 1870 445 1915 paraverit
471 1870 607 1915 Appius
632 1870 698 1904 nisi
726 1870 768 1904 ob
795 1869 902 1904 malos
928 1880 1042 1905 mores
1069 1880 1132 1915 ego
1159 1881 1227 1904 non
1253 1870 1395 1915 video.⁶)

246 1926 374 1962 Omnes
399 1926 517 1974 igitur,
545 1930 632 1973 quos
658 1927 807 1973 quidem*
824 1928 946 1962 senatu
972 1928 1083 1962 motos
1109 1937 1185 1962 esse
1199 1927 1439 1972 comperimus.
1468 1922 1601 1972 privata
1627 1938 1730 1963 causa

125 1987 183 2020 aut
209 1996 345 2020 morum
373 1988 431 2022 aut
457 1985 600 2021 alterius
627 1985 735 2031 flagiti
762 1984 864 2020 allata
888 1987 1000 2020 motos
1026 1996 1101 2020 esse
1128 1985 1292 2020 traditum
1319 1988 1382 2026 est,
1410 1996 1513 2020 unum
1542 1985 1727 2021 Salustium

124 2045 266 2088 propter
294 2043 405 2078 solum
434 2043 585 2089 partium
612 2043 764 2078 studium
794 2046 926 2079 motum
960 2053 1036 2078 esse
1070 2042 1288 2079 statuemus?
1327 2043 1535 2079 Praesertim
1569 2054 1646 2079 cum
1686 2055 1728 2079 ne

125 2100 264 2136 licuisse
291 2100 431 2146 quidem
459 2100 661 2137 censoribus
687 2101 878 2146 putandum
904 2100 949 2137 sit
973 2111 1035 2146 per
1059 2099 1232 2146 publicam
1259 2111 1395 2136 causam
1432 2102 1550 2136 notare
1576 2102 1635 2136 aut
1661 2112 1731 2136 mo-

126 2169 204 2193 vere
230 2169 450 2204 quemquam.
501 2159 648 2194 Accedit
673 2159 764 2204 quod
790 2158 941 2204 Appius,
981 2170 1048 2204 quo
1074 2158 1190 2203 plures
1216 2159 1351 2193 nataret
1384 2160 1418 2193 et
1444 2158 1580 2200 eiceret,
1615 2162 1651 2194 ut
1687 2159 1729 2194 de

126 2216 235 2261 signis
264 2219 298 2250 et
326 2216 463 2258 tabulis,
490 2216 633 2262 deagri
660 2217 772 2259 modo,
800 2216 841 2251 de
868 2226 946 2251 aere
973 2215 1082 2251 alieno
1108 2215 1273 2251 acerrime
1300 2216 1388 2262 egit,
1425 2216 1472 2250 ita
1498 2216 1609 2251 edicto
1636 2227 1731 2251 mon-

127 2276 279 2309 struosas
306 2273 466 2310 libidines
493 2284 603 2319 poena
629 2274 752 2320 dignas
778 2284 854 2310 esse
880 2274 1042 2310 statuisse
1069 2273 1246 2318 videtur⁷).
1273 2272 1456 2320 Reliquum
1482 2276 1535 2310 est
1561 2276 1598 2309 ut
1620 2274 1731 2321 inqui-

242 2398 267 2434 ¹)
289 2399 336 2426 Dio
358 2398 386 2425 C.
407 2398 453 2431 40,
476 2398 519 2431 64,
542 2399 553 2424 1
580 2407 619 2434 sq.

240 2446 262 2482 2)
285 2446 338 2474 Cic.
361 2447 412 2473 sam
439 2447 480 2479 15,
502 2447 547 2479 29,
570 2447 594 2473 2.

242 2494 263 2530 Β)
286 2495 340 2523 Cic.
365 2495 426 2524 fam.
449 2495 493 2528 15,
515 2494 560 2528 29,
582 2494 606 2521 Ξ.

240 2543 262 2572 ⁴)
284 2544 332 2570 Dio
354 2543 428 2570 Cass.
451 2543 496 2577 40,
518 2543 561 2570 64.
583 2543 665 2578 Lang.
688 2543 726 2571 ΙΙΙ,
750 2543 813 2570 594.

240 2591 263 2627 5)
284 2592 330 2619 Cic
360 2592 419 2619 fam.
442 2592 469 2628 8,
491 2592 516 2625 6,
539 2592 563 2618 1.
586 2586 614 2618 5Ῐ
633 2591 658 2625 2,
681 2592 725 2625 15,
747 2591 772 2620 7.

240 2639 262 2671 ⁶)
284 2640 318 2666 cf.
340 2640 393 2667 Cic.
417 2640 477 2667 fam.
499 2640 524 2673 8,
548 2639 591 2673 u,
611 2639 630 2667 4
651 2642 677 2667 et
698 2640 723 2673 8,
747 2639 789 2666 12.

242 2688 264 2725 ⁷)
285 2688 366 2724 Lang.
378 2689 406 2715 Α.
426 2688 454 2716 R.
471 2688 509 2715 ΙΙΙ.
523 2687 588 2717 390.
