1873 2859
139 126 360 171 quaesturam
385 125 500 160 autem
525 125 660 170 gestam
685 100 845 160 videntur
869 123 1005 160 venisse
1030 122 1171 170 quidem
1194 122 1232 159 in
1256 108 1414 162 senatum
1438 125 1645 177 quaesterii
1638 119 1758 176 ⁴106&

138 182 328 219 sententiae
341 181 502 222 ferendae
527 182 581 217 ius
606 192 675 218 non
691 180 865 226 habuisse,
892 182 1001 218 donec
1026 192 1046 218 a
1071 181 1270 219 censoribus
1295 182 1330 220 in
1348 184 1507 221 senatum
1521 177 1745 236 Ιοςοιβιιὶιιηῐ

138 241 260 287 (Lang.
286 240 304 276 I
328 252 361 286 p.
377 241 491 278 744-
496 241 590 285 745).
631 240 701 277 Sed
725 251 806 276 cum
822 251 891 276 non
916 240 963 277 sit
979 241 1165 277 memorIae
1181 241 1367 287 proditum.
1394 241 1530 288 quando
1547 240 1745 280 habuerint

137 298 320 334 lectionem
345 300 485 334 senatus
511 308 690 340 censoreS,
718 308 804 344 quos
830 307 934 344 supra
958 298 1237 341 memoravimus,
1264 308 1376 345 neque
1401 299 1538 346 quando
1562 292 1741 338 Salustius
1798 302 1800 304 ’

138 356 174 393 in
198 358 358 394 senatum
383 356 429 393 sit
453 355 666 403 adscriptus,
703 357 918 403 compertum
943 357 1007 392 est.
1058 355 1182 403 Neque
1207 357 1378 403 quomodo
1402 356 1567 404 proximis
1599 357 1757 397 duobusL

138 415 236 450 annis
262 414 393 461 700s54
419 416 454 449 et
478 414 619 459 701s53,
646 414 738 460 quod
765 416 900 459 tempus
918 413 1066 448 comitiis
1092 414 1164 449 fere
1190 416 1225 449 et
1241 415 1514 450 accusationibus
1531 416 1735 462 iudiciisque
1757 448 1782 462 .,
1828 440 1844 462 ·.

136 473 382 517 consumptum
415 472 467 506 est
500 469 626 517 (Lang.
660 470 723 514 III,
760 470 982 516 338-351)‚
1016 470 1053 506 in
1087 470 1263 517 republica
1296 473 1453 508 versatus
1486 472 1533 508 sit
1564 471 1734 510 Salustius
1786 480 1789 484 ‘
1819 484 1821 486 ·

137 529 324 566 memoriae
349 529 523 575 proditum
549 530 611 566 est.
663 529 745 566 Non
770 529 862 566 enim
886 531 1045 565 nostrum
1071 528 1258 565 Salustium
1284 529 1470 576 significari
1500 531 1535 566 in
1560 529 1734 568 Ciceronis
1757 571 1761 575 ,
1830 520 1843 529 ”
1868 528 1871 531 ’

138 598 191 634 ep.
218 588 262 622 ad
284 586 347 631 Qu.
373 587 415 623 fr.
435 588 467 630 3,
493 587 526 629 4,
553 588 575 624 2
601 588 636 622 et
661 589 694 629 3,
722 588 754 630 5,
783 587 802 623 1
829 587 1007 623 mensibus
1025 586 1164 622 Octobri
1182 589 1217 623 et
1229 586 1418 623 Novembri
1443 587 1572 634 700s54
1597 588 1734 634 scriptis

138 644 200 682 sed
226 643 286 680 Cn.
314 643 514 681 Sallustium
539 643 713 682 Ciceronis
749 644 897 681 amicum
929 644 967 681 in
999 643 1180 692 propatulo
1213 646 1267 682 est
1284 645 1321 690 1).
1371 645 1412 682 ld
1453 656 1560 682 unum
1593 656 1735 684 consen-

139 705 279 741 taneum
305 705 358 740 est
384 702 571 740 Salustium
609 703 644 739 in
678 714 807 738 annum
840 703 972 748 702s52
997 703 1210 739 tribunatum
1233 703 1375 748 petiisse
1401 705 1435 740 et
1459 704 1622 750 adeptum
1647 715 1733 741 esse.

446 831 556 887 Cap.
586 831 738 877 V1111.
770 831 840 876 De
870 831 915 876 C.
947 831 1144 897 Salusti⁴
1166 831 1428 876 tribunatu.

253 919 372 956 Trium
396 919 616 965 potissimum
640 918 790 965 partium
815 918 939 955 studiis
966 918 1008 954 iis
1035 918 1247 965 temporibus
1268 917 1461 966 respublica
1477 919 1715 967 exagitabatur
1725 929 1739 957 ε·
1764 946 1766 948 v
1805 912 1808 915 ’

138 978 305 1021 Caesaris,
332 978 485 1023 Pompei,
513 979 652 1012 senatus
678 976 844 1022 (Catonis,
871 975 1070 1019 Ciceronis).
1120 977 1236 1022 Atque
1262 976 1417 1013 Caesaris
1449 980 1565 1023 partes
1590 978 1626 1013 in
1650 979 1735 1014 urbe

139 1036 339 1081 susceperat
356 1035 394 1069 P.
411 1033 560 1071 Clodius
594 1033 629 1068 Is
654 1034 745 1069 enim
762 1044 851 1068 anno
870 1034 1000 1078 696158
1018 1033 1175 1069 tribunus
1192 1032 1303 1079 plebis
1316 1032 1515 1070 Ciceronem
1531 1035 1568 1070 in
1596 1034 1736 1074 exilium

138 1093 295 1135 eiecerat,
323 1091 488 1127 Catonem
504 1090 657 1137 Cyprum
681 1092 884 1133 removerat,
911 1090 1026 1136 ipsum
1042 1090 1246 1136 Pompeium
1263 1090 1421 1138 (Tigrane
1447 1091 1589 1128 liberato
1608 1094 1644 1128 et
1658 1092 1735 1139 lege

138 1151 180 1186 de
197 1149 360 1186 Deiotaro
378 1151 412 1184 et
429 1148 612 1194 Brogitaro
638 1147 720 1192 lata)
748 1147 980 1192 offenderat2),
1008 1158 1097 1183 anno
1116 1148 1245 1194 698s56
1271 1148 1390 1184 aedilis
1416 1151 1452 1185 et
1475 1149 1593 1195 populi
1618 1149 1736 1185 volun-

138 1209 246 1244 tatem
271 1207 337 1242 sibi
358 1206 511 1242 devinxit
533 1208 567 1242 et
584 1204 750 1242 Milonem
768 1206 810 1242 de
836 1205 869 1241 vi
893 1205 1077 1251 accusavit,
1102 1204 1169 1241 hoc
1187 1205 1333 1252 denique
1351 1217 1439 1242 anno
1458 1206 1614 1254 (701s53)
1639 1217 1737 1254 prae-

139 1267 252 1302 turam
276 1265 313 1300 in
330 1266 507 1310 posterum
525 1275 653 1299 annum
678 1263 788 1309 petiit.
827 1262 974 1299 Senatus
1000 1265 1115 1298 autem
1138 1265 1255 1309 partes
1281 1266 1479 1310 susceperat
1491 1264 1588 1300 Titus
1601 1264 1736 1301 Annius

138 1322 234 1366 Milo,
261 1322 320 1370 qui
338 1321 493 1358 Ciceroni
519 1321 749 1357 amicissimus
775 1320 810 1356 in
836 1331 876 1357 eo
898 1320 1094 1357 reducendo
1121 1321 1219 1357 enixe
1253 1332 1392 1368 operam
1417 1322 1559 1359 dederat
1576 1322 1734 1359 tribunus

138 1380 248 1427 plebis
266 1392 294 1416 a.
309 1379 449 1426 697s57‚
469 1381 503 1415 et
520 1391 563 1415 ne
577 1379 715 1415 Clodius
733 1381 917 1425 antequam
934 1381 1153 1415 accusaretur
1171 1378 1289 1415 aedilis
1307 1379 1416 1425 fieret,
1443 1379 1580 1416 comitia
1603 1380 1638 1416 in
1655 1382 1735 1417 ante

139 1438 232 1474 diem
249 1437 344 1478 XIII.
363 1436 438 1473 Kal.
453 1437 556 1473 Febr.
584 1436 801 1482 produxerat,
827 1438 966 1482 postero
984 1446 1114 1472 anno‘a
1140 1434 1258 1473 Clodio
1284 1437 1327 1474 de
1349 1437 1382 1472 vi
1406 1438 1585 1473 accusatus
1601 1437 1644 1474 ab
1660 1438 1736 1484 ipso

139 1496 305 1542 Pompeio
330 1495 492 1531 defensus
519 1497 601 1536 erat,
628 1493 695 1529 hoc
719 1494 866 1540 denique
892 1505 981 1530 anno
1006 1496 1046 1529 ut
1070 1493 1136 1529 sibi
1160 1492 1277 1540 populi
1299 1493 1510 1530 voluntatem
1542 1494 1737 1531 conciliaret

138 1552 343 1599 magnificos
368 1551 467 1587 ludos
485 1551 624 1595 edidit³)
651 1553 685 1586 et
711 1550 926 1587 consulatum
950 1550 1050 1596 petiit
1066 1551 1103 1586 in
1116 1561 1244 1586 annum
1258 1551 1397 1596 7o2s52.
1437 1552 1632 1598 Pompeius,
1657 1563 1737 1589 cum
1808 1565 1810 1568 ’

140 1610 276 1647 medius
293 1620 370 1646 esse
396 1609 569 1646 videretur
595 1610 629 1646 et
653 1608 756 1645 modo
773 1607 891 1645 Clodio
916 1608 1019 1645 modo
1032 1607 1154 1645 Miloni
1179 1608 1319 1652 faveret,
1347 1610 1462 1647 tamen
1486 1619 1597 1656 neque
1622 1608 1736 1646 aCae-

140 1668 227 1704 saris
252 1678 365 1714 neque
391 1679 411 1702 a
436 1669 577 1702 senatus
602 1667 760 1712 partibus
785 1667 892 1702 stetit.
944 1666 1030 1702 Cum
1056 1666 1149 1702 enim
1181 1666 1427 1712 ipsevdictator
1451 1667 1526 1702 fieri
1552 1669 1587 1703 et
1619 1678 1736 1704 rerum

140 1725 242 1772 potiri
268 1726 308 1761 ut
334 1726 476 1771 cuperet
501 1724 549 1760 ita
574 1735 643 1759 non
669 1724 819 1767 auderet,
859 1735 879 1759 a
903 1723 1027 1770 quibus
1053 1723 1120 1759 sibi
1145 1723 1228 1769 quid
1253 1722 1382 1769 gloriae
1413 1724 1590 1770 dignitatis
1615 1726 1742 1771 poten*

140 1783 207 1819 tiae
233 1792 453 1819 accessurum
478 1783 643 1827 speraret.
670 1792 729 1817 eos
746 1781 886 1824 adiuvit,
913 1792 999 1827 quos
1016 1791 1060 1817 ne
1088 1780 1159 1816 suis
1177 1780 1327 1816 consiliis
1349 1782 1540 1828 studiisque
1558 1781 1736 1818 afficerent

140 1841 321 1882 metueret,
348 1850 406 1875 eos
432 1839 600 1885 repressit
625 1840 660 1874 et
694 1849 797 1885 quam
830 1839 978 1875 maxime
1009 1837 1121 1885 potuit
1155 1838 1311 1874 removit.
1360 1838 1455 1875 Haec
1488 1850 1566 1875 cum
1605 1839 1737 1876 videret

141 1897 311 1934 Salustius
337 1899 381 1940 et,
408 1899 447 1932 ut
472 1899 546 1933 erat
571 1897 641 1932 acri
665 1896 813 1943 ingenio,
840 1896 941 1943 plane
965 1895 1187 1942 perspiceret,
1215 1897 1349 1932 tantum
1367 1896 1462 1940 afuit,
1487 1899 1564 1933 uta
1582 1896 1737 1933 Caesaris

140 1955 297 2001 partibus
322 1965 474 2001 unquam
501 1953 770 1996 abstraheretur,
797 1956 836 1989 ut
860 1954 988 1990 famam
1013 1952 1285 2000 modestiamque
1312 1964 1410 1989 suam
1445 1955 1499 2000 (eo
1535 1954 1611 2001 ipso
1642 1953 1737 2001 'qnod

142 2012 356 2049 tribunatum
380 2013 527 2059 peteret)
553 2013 633 2058 post
657 2011 812 2048 Caesaris
838 2011 1042 2059 dignitatem
1067 2010 1213 2049 haberet
1245 2013 1281 2048 et
1309 2010 1493 2049 cuiuslibet
1521 2012 1572 2049 rei
1604 2011 1737 2059 pericu·
1764 2019 1767 2020 ’

140 2070 212 2106 lum
237 2070 375 2112 faceret,
403 2071 486 2104 dum
511 2070 593 2115 quid
620 2068 757 2105 Caesari
782 2080 824 2106 ex
850 2080 890 2104 eo
903 2068 1033 2115 gloriae
1050 2069 1213 2104 acciderit
1223 2069 1263 2113 ⁴).
1289 2069 1413 2115 Neque
1438 2070 1530 2105 enim
1547 2068 1737 2105 Salustium

141 2137 252 2173 neque
278 2126 521 2173 competitores
547 2126 620 2162 eius
646 2126 853 2163 abstinuisse
879 2125 1072 2172 putaverim
1097 2124 1296 2173 largitione,
1332 2137 1420 2172 quae
1444 2137 1501 2163 res
1527 2126 1628 2163 ardet
1652 2125 1738 2162 invi-

141 2184 198 2220 dia
214 2184 250 2227 ⁵),
277 2186 336 2219 aut
360 2184 502 2227 ambitu,
530 2184 588 2230 qui
616 2186 697 2220 tuno
721 2184 825 2221 rediit
848 2183 1021 2227 immanis,
1047 2193 1159 2230 neque
1184 2183 1336 2220 imitatos
1362 2194 1437 2220 esse
1463 2184 1619 2220 tribunos
1637 2193 1737 2229 supe-

141 2241 241 2277 rioris
268 2241 357 2284 anni,
386 2241 444 2288 qui
469 2241 528 2277 HS
554 2241 738 2289 quingenis
763 2241 854 2288 apud
878 2240 927 2277 M.
951 2240 1111 2278 Porcium
1129 2240 1293 2278 Catonem
1319 2240 1484 2289 depositis
1511 2241 1616 2279 creati
1642 2242 1734 2278 sunt.

141 2299 285 2348 Pompei
310 2301 425 2336 autem
450 2299 570 2336 callide
596 2300 825 2347 excogitatam
849 2300 1018 2336 rationem
1043 2300 1092 2336 ita
1116 2301 1170 2336 est
1202 2302 1350 2344 secutus,
1376 2301 1415 2336 ut
1449 2310 1529 2337 eum
1564 2301 1635 2336 tam
1673 2298 1732 2336 diu

219 2421 241 2459 ¹)
263 2420 300 2450 cf.
322 2421 371 2454 Qu.
393 2420 426 2448 fr.
446 2421 472 2455 3,
494 2420 520 2456 4,
542 2421 567 2449 3.

218 2469 241 2506 ¹)
260 2471 360 2497 Ascon.
382 2478 408 2505 p.
428 2469 465 2496 47
487 2469 515 2496 Β.
535 2469 581 2503 41,
602 2470 619 2495 5
641 2477 702 2505 sqq.
723 2469 773 2497 KS.

217 2516 240 2555 8)
262 2516 316 2546 cic.
337 2516 369 2545 ad
391 2516 439 2550 Qu.
460 2516 491 2544 fr.
513 2516 539 2551 5,
560 2516 586 2551 8,
608 2517 633 2544 6.
656 2517 682 2551 3,
705 2517 730 2546 1.
752 2517 777 2552 9,
799 2517 825 2545 2.

217 2565 241 2603 ⁴)
263 2566 296 2594 cf.
317 2575 359 2603 ep.
381 2566 407 2594 ll.
430 2565 462 2593 ad
483 2564 558 2594 Caes.
581 2565 607 2600 1,
627 2565 654 2594 4.

217 2613 240 2651 ⁸)
261 2614 315 2643 Cic.
337 2614 385 2648 Qu.
406 2614 438 2644 fr.
460 2614 486 2649 Ξ,
508 2614 552 2642 15.
