1873 2859
1645 43 1692 93 33

105 151 338 213 gratissimum
364 160 483 193 contra
507 150 699 194 dicentibus
725 148 884 201 inimicis,
911 157 1039 194 Catone
1065 170 1144 198 vero
1170 148 1334 195 acerrime
1360 164 1582 206 repugnante,
1614 171 1690 209 per·

105 224 209 260 latum
236 217 329 260 est.¹)
374 245 380 249 ,

216 277 289 312 Ν66
314 275 446 310 minore
472 275 585 310 studio
610 275 797 310 Salustium
822 287 900 311 cum
932 276 995 317 iis,
1034 276 1093 320 qui
1118 289 1136 310 a
1163 276 1317 310 Caesaris
1351 276 1505 320 partibus
1538 277 1688 320 stabant,

104 338 220 372 contra
244 332 357 378 legem
376 332 580 378 Pompeiam
606 333 647 368 de
673 332 804 369 ambitu
828 333 937 379 pridie
963 332 1037 368 Kal.
1064 332 1207 368 Martias
1234 333 1268 367 in
1294 336 1413 369 senatu
1448 332 1572 378 latam,
1610 344 1689 369 61101

104 395 194 430 esset
219 390 355 426 Caesari
381 390 589 436 periculosa,
628 392 736 426 donec
762 391 945 437 Pompeius
979 402 1016 426 se
1050 402 1125 426 cum
1154 390 1298 426 Caesare
1329 390 1480 436 periculo
1513 391 1688 433 eximeret,

104 448 318 486 contendisse
344 450 611 484 consentaneum
637 448 730 492 est.²)
777 448 861 484 Cum
889 451 1003 484 autem
1030 449 1150 484 eodem
1176 448 1229 484 die
1256 451 1415 494 ageretur
1442 449 1475 484 10
1500 452 1619 488 senatu
1646 449 1688 484 de

103 509 208 544 altera
232 505 308 552 lege
334 506 496 552 Pompeia
521 507 563 542 de
597 507 628 541 vi
662 509 697 542 et
729 514 866 542 auctore
892 505 1017 542 Planco
1044 505 1071 550 Q
1108 506 1226 541 Fufius
1253 506 1416 544 Calenus,
1455 510 1493 541 ut
1526 506 1689 551 Hortensi

104 564 271 601 sententia
296 564 522 606 divideretur,
561 564 785 609 postulasset,
824 564 914 599 facto
949 564 983 599 in
1017 564 1165 609 priorem
1199 567 1332 609 partem
1367 568 1505 603 senatus
1532 564 1688 601 consulto

103 624 139 658 P.
175 620 270 657 Clodi
304 621 443 656 caedem
478 623 512 657 et
544 621 738 657 incendium
773 622 886 657 curiae
928 624 962 657 et
995 621 1284 668 oppugnationem
1317 621 1452 657 aedium
1488 621 1533 657 M.
1570 621 1689 667 Lepidi

103 682 221 714 contra
246 678 492 723 rempublicam
518 679 661 720 factam,
693 690 736 714 ne
762 680 803 714 de
829 678 936 714 altera
960 682 1057 724 parte
1082 681 1135 721 (ut
1159 681 1255 714 extra
1280 679 1433 715 ordinem
1469 682 1690 724 quaereretur

103 737 190 781 apud
217 735 480 780 quaesitorem),
520 747 606 780 quae
641 747 682 771 ex
709 736 878 771 sententia
903 735 1042 770 Milonis
1076 747 1151 771 esse
1185 739 1220 770 et
1254 735 1363 781 legem
1390 737 1431 770 de
1459 736 1489 770 vi
1516 739 1690 781 tamquam

102 804 168 828 non
207 792 434 828 necessariam
472 793 600 829 reicere
638 793 828 834 videretur,
868 795 1072 838 rogarentur
1116 793 1324 833 sententiae,
1366 792 1511 828 Plancus
1556 796 1590 828 et
1632 792 1691 827 Sa-

101 850 270 885 lus'tius
296 850 604 894 intercesserunt.³)
638 850 733 893 Quod
760 850 958 896 indignatus
985 849 1103 885 Cicero
1128 850 1183 884 his
1211 850 1322 885 verbis
1349 850 1521 895 signifieat
1546 856 1592 894 (p.
1618 849 1690 885 Mil.

103 911 133 950 6,
167 908 238 947 14);
270 908 386 951 „Quod
412 907 440 942 si
466 918 543 953 per
568 908 787 943 furiosum
813 907 940 943 illum
970 907 1200 943 tribunum
1228 907 1277 953 pl.
1313 907 1445 943 senatui
1489 908 1580 953 quod
1615 918 1691 944 sen-

105 966 210 1001 tiebat
248 966 413 1011 pcrlicere
438 965 609 1008 licuisset,
645 977 767 1001 novam
794 966 1030 1011 quaestionem
1055 965 1184 1001 nullam
1209 965 1426 1001 heberemns.
1476 965 1690 1002 Decernebat

102 1024 192 1059 enim
218 1027 256 1058 ut
282 1024 453 1059 veteribus
479 1023 613 1070 legibus
640 1026 772 1059 tantum
797 1024 899 1059 modo
926 1028 1021 1059 extra
1047 1024 1201 1059 ordinem
1216 1026 1446 1069 quaereretur.
1474 1023 1590 1061 Divisa
1615 1035 1691 1059 seu-

102 1082 207 1116 tentia
233 1083 284 1116 est
310 1081 504 1126 postulante
530 1081 646 1117 nescio
671 1092 749 1127 quo,
776 1081 860 1116 nihil
900 1081 991 1117 enim
1027 1092 1168 1117 necesse
1196 1085 1249 1116 est
1282 1081 1434 1123 omnium
1469 1092 1523 1116 me
1559 1081 1688 1127 flagitia

101 1139 263 1185 proferre.
317 1138 373 1174 Sic
398 1139 529 1184 reliqua
554 1139 738 1175 auctoritas
765 1140 902 1176 senatus
928 1141 1044 1174 emta
1069 1139 1411 1175 intercessione
1438 1137 1570 1180 sublata
1604 1143 1686 1174 est.“

102 1196 194 1239 Quae
221 1206 263 1231 ne
290 1195 437 1230 Salustio
464 1196 645 1241 opprobrio
678 1196 764 1237 sint,
804 1196 995 1231 accuratius
1029 1196 1064 1230 in
1099 1207 1138 1231 ea
1162 1196 1404 1241 inquirendum
1440 1195 1573 1236 videtur
1606 1207 1690 1231 esse.

102 1254 216 1299 Atque
242 1253 523 1288 intercessionem
559 1252 683 1289 Salusti
718 1255 753 1288 et
777 1252 894 1289 Planci
930 1253 1163 1295 tribunorum,
1203 1253 1232 1288 si
1258 1264 1376 1289 revera
1410 1255 1501 1295 emta
1535 1252 1616 1295 fuit,
1657 1253 1689 1289 id

102 1312 192 1356 quod
218 1311 259 1346 iis
285 1311 423 1356 quidem
451 1312 662 1356 temporibus
688 1311 758 1347 sere
784 1311 858 1352 fieri
885 1311 1033 1353 solebat,
1073 1323 1092 1346 a
1118 1311 1280 1356 Pompeio
1306 1315 1457 1356 emptam
1484 1311 1606 1352 fuisse,
1647 1322 1689 1346 ne

102 1370 240 1403 senatus
266 1368 477 1409 auctoritate,
505 1368 687 1413 quominus
712 1369 755 1403 ad
780 1368 942 1414 populum
968 1369 1112 1404 referret
1137 1368 1267 1414 legem,
1303 1367 1543 1413 impediretur,
1582 1368 1690 1404 mani-

101 1426 226 1461 festum
253 1429 315 1461 est.
343 1426 391 1461 At
414 1425 600 1462 Salustium
625 1426 763 1472 quidem
790 1438 856 1462 non
884 1429 953 1462 tam
979 1426 1089 1472 pretio
1115 1429 1173 1462 aut
1198 1425 1310 1461 studio
1334 1425 1475 1471 Pumpei
1501 1426 1688 1467 adductum

101 1494 176 1518 esse
203 1486 302 1529 puto,
342 1486 380 1518 ut
403 1484 649 1520 intercederet.
689 1495 792 1528 quam
817 1484 909 1529 quod
942 1494 1017 1518 eam
1048 1483 1160 1529 legem
1186 1484 1228 1519 de
1256 1483 1286 1518 vi
1312 1483 1431 1518 Miloni
1457 1486 1492 1517 et
1528 1483 1698 1528 Pompeio.

101 1540 324 1585 perniciosam
352 1540 424 1576 fore
446 1540 670 1587 intellegeret.
697 1540 782 1575 Erat
798 1541 890 1576 enim
915 1541 1066 1576 futurum
1093 1543 1131 1575 ut
1153 1551 1191 1575 ea
1216 1540 1292 1586 lege
1315 1543 1349 1575 et
1365 1540 1448 1575 Milo
1484 1541 1689 1584 condemna-

101 1600 194 1633 retur
220 1601 254 1633 et
280 1599 462 1643 Pompeius
489 1601 523 1634 et
549 1599 730 1643 optimates
755 1598 919 1644 legitimis
945 1599 1044 1644 quasi
1068 1598 1256 1636 inimicitiis
1271 1598 1525 1635 dirimerentur.
1553 1598 1689 1633 Priores

101 1658 214 1691 autem
239 1658 354 1701 partes
380 1655 445 1690 hac
469 1655 504 1691 in
530 1666 566 1691 re
592 1655 780 1701 sumpsisse
805 1655 870 1691 sibi
896 1655 969 1701 ipse
994 1655 1160 1702 gloriatus
1195 1658 1247 1690 est
1273 1655 1309 1691 T.
1336 1655 1512 1694 Munatius
1551 1656 1584 1690 in
1611 1666 1689 1691 con-

102 1713 202 1755 tione,
230 1713 264 1748 in
291 1724 358 1759 qua
382 1715 519 1759 postero
553 1713 625 1755 die,
665 1713 699 1748 id
725 1715 778 1748 est
802 1712 877 1749 Kal.
903 1713 1074 1756 Martiis.-
1097 1714 1254 1759 exposuit
1278 1712 1421 1759 populo,
1461 1724 1546 1759 quae
1581 1713 1689 1759 pridie

101 1773 176 1805 acta
202 1773 300 1806 erant
324 1771 359 1805 in
385 1773 525 1812 senatu3
563 1770 648 1805 haec
674 1770 765 1805 enim
797 1770 883 1805 dixit
915 1771 959 1805 ad
994 1771 1186 1814 verbum⁴):
1225 1771 1402 1808 Adversus
1437 1770 1613 1816 1100110610
1639 1771 1689 1805 in-

100 1828 278 1872 geniosum
305 1827 558 1873 (Hortensium)
584 1838 651 1862 non
677 1827 815 1873 ingenio
841 1827 893 1862 usi
920 1838 1057 1870 sumus:
1083 1827 1275 1867 invenimus
1298 1827 1447 1868 Fufium,
1475 1827 1533 1873 qui
1559 1827 1688 1865 diceret

104 1884 286 1926 „Divide“;
312 1884 462 1930 reliquae
488 1885 575 1930 parti
602 1884 791 1920 sententiae
818 1895 882 1930 ego
907 1887 942 1920 et
964 1884 1135 1922 Salustius
1160 1885 1428 1928 intercessimus.

213 1942 292 1977 Non
318 1945 372 1977 est
395 1942 502 1988 igitur
528 1942 763 1985 dubitandum,
790 1942 871 1987 quin
886 1942 1080 1978 Munatium
1105 1942 1230 1978 dixerit
1243 1941 1361 1978 Cicero
1388 1942 1561 1984 tribunlun
1588 1941 1685 1979 illum

101 1998 276 2034 furiosum.
326 1999 360 2034 ls
387 2000 477 2035 enim
503 2010 580 2034 cum
607 1999 653 2034 M.
679 1998 814 2035 Caelius
840 2001 875 2034 et
899 1999 936 2042 Q.
961 1999 1124 2036 Manilius
1145 1999 1317 2034 Cumanus
1344 1999 1470 2042 tribuni
1495 1998 1688 2044 1116103111-

101 2053 187 2091 lonis
212 2056 456 2093 studiosissimi
482 2056 648 2093 obsistere
674 2057 705 2093 ei
730 2056 799 2102 legi
825 2057 883 2103 (de
910 2057 954 2099 vi)
975 2059 1190 2099 conarentur,
1217 2057 1307 2102 quod
1333 2059 1368 2092 et
1392 2056 1611 2102 privilegium
1637 2057 1687 2093 di-

101 2117 216 2148 cerent
240 2115 274 2150 in
301 2114 464 2151 Milonem
489 2115 571 2151 ferri
596 2118 631 2150 et
656 2115 781 2151 iudicia
805 2115 1054 2160 praecipitari&
1081 2115 1256 2160 productis
1294 2114 1328 2149 in
1367 2114 1559 2158 contionem
1595 2115 1689 2159 testi-

101 2169 162 2204 bus
189 2182 265 2206 cum
292 2172 329 2216 Q.
356 2172 518 2217 Pompeio
544 2172 631 2207 Rufo
657 2183 816 2218 magnam
843 2172 963 2207 Miloni
995 2172 1157 2206 invidiam
1184 2172 1345 2216 paraviti)
1372 2175 1406 2206 et
1430 2175 1549 2216 postea
1584 2182 1687 2216 quam

102 2226 283 2273 Pompeius
308 2232 343 2264 et
367 2229 536 2269 Salustius
563 2229 700 2264 fuerunt
725 2229 759 2264 in
785 2229 978 2274 suspicione
1005 2229 1147 2264 rediisse
1174 2229 1208 2263 in
1236 2229 1382 2273 gratiam
1408 2239 1484 2268 curn
1499 2228 1688 2272 Milone-ac

100 2281 271 2327 Cicerone,
299 2285 520 2322 infestissime
546 2286 697 2331 perstitit
721 2288 823 2331 atque
849 2286 883 2320 in
909 2285 1108 2320 Ciceronem
1134 2295 1267 2338 quoqne
1302 2284 1556 2325 multitudinem
1592 2285 1687 2319 insti-

214 2371 234 2407 ¹)
255 2371 330 2401 Caes.
353 2372 377 2400 b.
400 2382 422 2400 6.
445 2373 468 2407 1,
491 2373 536 2400 32.
558 2372 638 2409 Lang.
660 2372 697 2400 lll.
720 2372 784 2400 360.

213 2427 235 2464 ¹)
257 2429 330 2458 Suet.
344 2430 419 2458 caes.
442 2430 486 2457 30.
508 2432 573 2466 App.
595 2430 619 2457 b.
642 2430 701 2457 c.2.
722 2430 773 2457 25:
800 2420 844 2458 ὠς
869 2419 1037 2463 ἀμείνονος
1064 2418 1156 2458 ὄντος
1181 2420 1382 2464 (Καίσαρος)
1413 2419 1567 2462 ὑποψίας·

212 2475 235 2513 ⁸)
256 2477 337 2515 Lang.
359 2478 398 2506 ΙΙΙ.
421 2479 483 2512 563,
523 2480 619 2506 Ascon.
644 2478 689 2513 44,
710 2478 746 2506 45
768 2477 821 2507 OB.
845 2478 880 2505 59
902 2478 950 2506 KS.

212 2524 239 2561 ⁴)
260 2528 357 2555 Ascon.
380 2527 425 2554 45.
447 2527 496 2555 OB.
518 2527 553 2554 59
575 2527 624 2555 KS.

212 2571 234 2606 ’Ἰ
254 2576 313 2601 Asc.
335 2576 369 2601 57
392 2574 442 2602 OB.
465 2575 495 2601 31
522 2583 561 2610 sq.
583 2575 632 2602 KS.
654 2574 692 2602 Cf.
715 2574 778 2602 Geli.
802 2584 826 2602 n.
848 2583 870 2601 a.
897 2574 938 2607 10,
961 2574 1005 2609 2⁴⁸,
1027 2574 1051 2601 5.

211 2618 235 2657 ⁸)
255 2622 315 2649 Asc.
338 2622 372 2651 38
394 2621 450 2653 OB.-
469 2622 504 2650 32
526 2622 575 2650 KS.
