1873 2859
73 80 75 83 ·
95 52 108 68 ⁵
131 68 178 110 52

131 175 293 214 declarat.
303 177 328 221 ¹)
356 176 468 221 Quare
495 177 611 213 nescio
638 189 680 213 an
707 179 800 213 recte
828 178 1009 214 statuerim
1026 178 1234 225 Iugurtham
1252 179 1421 225 scriptum
1434 190 1512 215 esse
1531 178 1671 223 tristiss'
1713 218 1739 223 ..
1798 219 1801 227 ὅ

129 233 198 270 illis
225 235 450 280 temporibus,
478 246 564 281 quae
590 238 669 281 post
695 235 839 271 alteram
865 235 958 271 illam
993 235 1251 271 triumvirorum
1277 237 1462 273 coitionem
1489 247 1608 274 mense
1642 230 1757 278 Iunio*
1775 240 1801 276 Ἦ·

131 293 260 339 701J43
287 294 415 329 factam
441 296 558 329 secuta
584 296 674 328 sunt.
707 293 857 329 Salustio
883 294 975 329 enim
1001 305 1125 330 causae
1151 295 1304 330 omnium
1330 295 1500 331 malorum
1521 297 1555 331 et
1576 294 1746 342 Catilinae>
1781 316 1783 318 ·

131 350 376 385 coniurationis
403 355 437 386 et
464 350 628 386 bellorum
656 350 807 386 civilium
822 362 863 386 ex
878 351 944 386 illis
958 352 1179 396 potissimum
1206 352 1418 397 temporibus
1428 352 1639 388 'videbantur
1664 348 1800 404 esses*-

129 409 348 453 repetendae,
376 409 501 454 quibus
515 409 665 454 primum
693 408 873 454 superbiae
888 408 1077 444 nobilitatis
1095 409 1235 449 obviam,
1246 409 1333 444 itum
1347 411 1419 445 est:
1447 420 1537 455 quae
1564 408 1781 455 contentio

129 465 245 499 divina
285 468 320 499 et
357 465 508 500 humana
547 468 671 500 cuncta
709 466 912 510 permiscuit
946 476 1056 511 eoque
1090 467 1269 502 vecordiae
1307 467 1496 512 processit,
1546 468 1585 501 ut
1617 466 1742 501 studiis
1772 462 1796 488 ‘²

128 520 286 556 civilibus
313 521 441 557 bellum
466 524 568 567 atque
597 522 738 556 vastitas
778 521 896 557 Italiae
930 522 1037 557 finem
1071 523 1200 558 faceret
1239 522 1326 569 (lug.
1363 524 1395 568 5,
1432 523 1463 559 1.
1498 524 1544 567 2).
1580 523 1768 564 Accessit

131 579 224 625 quod
261 578 344 613 illud
384 578 511 614 bellum
546 590 711 624 magnum
738 583 771 614 et
797 581 894 614 atrox
921 580 1082 625 variaque
1121 580 1263 615 victoria
1295 580 1361 615 suit
1395 580 1536 626 eiusque
1575 580 1759 617 memoria·
1798 616 1801 618 .

129 635 427 672 administratione
442 636 628 671 Numidiae
654 635 851 681 provinciae
867 636 1017 673 Salustio
1044 639 1206 673 renovata
1232 639 1297 673 est.
1322 637 1537 684 Quamquam
1550 635 1755 685 regionem,

130 693 234 735 locos,
267 694 370 729 urbes
409 697 466 729 aut
504 706 572 729 nou
612 694 658 728 ita
697 694 841 736 curiose,
870 697 907 729 ut
932 695 1029 730 Kritz
1056 696 1178 740 (praef.
1205 707 1238 741 p.
1267 696 1330 741 23)
1357 698 1391 731 et
1417 695 1513 731 Oless
1540 697 1570 740 (Ι
1595 708 1629 742 p.
1655 697 1740 740 242)
1796 688 1799 691 ’
1859 691 1873 710 '¹

130 753 298 793 statuunt,
326 752 361 786 in
381 751 567 786 Numidiae
595 751 892 787 administratione
920 752 1123 798 cognovisse
1149 754 1208 787 aut
1233 753 1268 787 in
1294 753 1477 789 scribendo
1506 752 1594 789 bello
1619 753 1742 800 Iugur-

130 808 229 844 thino
255 808 449 855 neglexisse
477 808 562 843 mihi
590 808 746 851 videtur3
773 808 879 844 immo
905 820 948 844 ne
975 810 1145 856 cogitasse
1179 810 1320 855 quidem
1345 811 1387 846 de
1415 810 1505 846 bello
1531 811 1742 857 Iugurthino

132 866 315 902 scribendo
342 867 427 901 mihi
456 867 591 901 videtur
618 868 703 907 tum,
732 878 810 902 cum
846 868 1059 911 provinciam
1099 868 1362 910 administravit,
1399 879 1478 903 cum
1516 879 1639 913 neque,
1674 879 1742 913 quo

130 932 286 967 quaeque
329 933 385 956 res
430 925 530 967 gesta
573 923 618 956 sit
652 922 746 963 loco,
797 923 990 957 accuratius
1038 925 1187 967 exponat
1232 926 1334 968 atque
1382 924 1555 958 describat
1568 925 1594 967 ²)
1633 926 1668 959 et
1704 924 1741 959 in

129 979 205 1026 ipso
230 978 370 1015 Africae
404 979 472 1015 situ
507 980 709 1026 exponendo
744 982 781 1015 ut
820 980 853 1015 in
889 979 1013 1016 ceteris
1041 980 1143 1017 rebus
1170 981 1212 1016 ad
1237 980 1343 1017 libros
1371 980 1517 1027 scriptos
1544 981 1741 1029 confugisse

129 1037 297 1072 videatur.
326 1035 423 1080 Quod
461 1040 575 1072 autem
601 1038 809 1072 Franciscus
844 1039 1007 1073 Petrarca
1021 1039 1047 1082 3)
1074 1038 1234 1083 Crispum
1269 1039 1467 1081 Salustium,
1505 1051 1572 1084 quo
1605 1039 1741 1075 fidelius

131 1104 188 1128 res
215 1093 354 1128 Africae
391 1094 689 1139 complecteretur,
726 1094 831 1129 libros
867 1094 1016 1130 Punicos
1051 1095 1298 1141 perquisivisse
1337 1096 1420 1130 dicit
1453 1096 1741 1142 peregrinamque

130 1150 285 1198 linguam
311 1163 374 1197 per
400 1152 626 1197 interpretem
652 1152 813 1198 flagranti
840 1153 953 1196 studio
972 1154 1174 1195 scrutatum,
1197 1153 1280 1198 quin
1306 1153 1410 1188 etiam
1425 1153 1533 1189 maria
1549 1156 1741 1200 transgres-

130 1218 220 1249 sum,
255 1210 294 1242 ut
328 1208 435 1242 oculis
474 1209 545 1242 suis
580 1210 738 1243 crederet
774 1210 816 1242 de
852 1209 1105 1243 conditionibus
1140 1209 1304 1251 locorum,
1344 1210 1387 1243 ad
1412 1209 1496 1244 illud
1521 1210 1742 1244 referendum
1786 1246 1796 1255 ,

130 1266 225 1310 puto,
254 1265 345 1310 quod
371 1265 444 1310 ipse
472 1264 643 1301 Salustius
670 1265 735 1300 sibi
762 1276 803 1300 ex
839 1264 936 1301 libris
970 1265 1109 1301 Punicis
1144 1266 1409 1312 interpretatum
1445 1277 1520 1302 esse
1554 1266 1646 1310 dicit,
1681 1267 1741 1314 qui

126 1322 294 1357 mortales
320 1323 417 1358 initio
431 1323 588 1358 Africam
613 1323 800 1358 habuerint
825 1323 952 1368 quique
978 1326 1099 1369 postea
1124 1324 1344 1366 accesserint,
1370 1327 1404 1359 et
1419 1325 1509 1369 quod
1525 1335 1565 1360 ex
1580 1327 1742 1370 praetura

74 1411 76 1414 ,
131 1379 165 1413 in
192 1379 313 1414 Africa
337 1382 437 1425 gesta
463 1380 663 1415 nonnullam
690 1380 843 1415 locorum
870 1381 1103 1426 cognitionem
1130 1381 1202 1415 eius
1229 1381 1337 1416 menti
1371 1381 1561 1417 inhaesisse
1598 1392 1741 1417 consen-

132 1439 273 1471 taneum
299 1439 361 1472 est.
389 1437 572 1473 Praeterea
606 1437 641 1472 in
668 1448 707 1472 eo
733 1437 822 1473 bello
850 1438 1032 1473 scribendo
1058 1449 1141 1473 usus
1168 1449 1243 1474 esse
1283 1439 1418 1474 videtur
1437 1438 1623 1474 *Salustius
1662 1450 1741 1475 cum

131 1494 232 1529 Actis
258 1493 405 1539 publicis
432 1497 506 1529 tum
533 1495 581 1529 M.
609 1495 708 1529 Aem.
738 1495 857 1530 Scauri
869 1495 897 1539 4)
925 1498 959 1530 et
995 1496 1032 1530 P.
1070 1495 1176 1530 Rutili
1211 1496 1289 1531 Rufi
1306 1496 1332 1540 ⁵)
1369 1498 1403 1531 et
1435 1496 1548 1531 Sullae
1562 1497 1589 1541 6)
1631 1496 1740 1542 libris,

131 1562 218 1597 quos
245 1552 287 1586 de
315 1562 376 1586 sua
402 1552 547 1597 quisque
576 1553 644 1587 vita
679 1553 942 1599 conscripserat.
989 1552 1158 1588 Absolute
1185 1553 1274 1588 bello
1300 1553 1507 1599 Iugurthino
1533 1554 1740 1600 ingenioque

131 1608 297 1643 historica
337 1611 410 1643 arte
450 1610 636 1644 exercitato
676 1609 847 1644 Salustius
885 1610 1118 1644 Historiarum
1156 1610 1262 1645 libros
1301 1611 1452 1646 scribere
1486 1622 1649 1656 agressus
1675 1613 1739 1654 est,

130 1665 241 1701 maius
269 1677 354 1712 opus
381 1668 415 1701 et
440 1667 574 1702 duobus
599 1666 772 1713 prioribus
799 1666 1014 1703 celebratius.
1043 1667 1141 1703 Licet
1167 1667 1258 1704 enim
1293 1679 1334 1704 ex
1360 1679 1410 1711 eo,
1438 1669 1530 1714 quod
1555 1668 1630 1715 lug.
1646 1670 1741 1710 95‚2

132 1722 227 1765 dicit,
256 1723 322 1759 alio
347 1723 422 1759 loco
449 1735 485 1760 se
512 1725 554 1760 de
581 1724 696 1760 Sullae
721 1726 825 1761 rebus
852 1737 920 1761 non
956 1736 1031 1761 esse
1067 1725 1250 1767 dicturum,
1290 1737 1358 1761 non
1392 1727 1503 1772 possit
1536 1726 1670 1769 confici,
1705 1726 1741 1762 id

130 1781 223 1826 quod
250 1781 438 1816 conficiunt
465 1781 614 1816 Gerlach
641 1783 708 1826 (ed.
738 1783 830 1818 1852
856 1794 888 1828 p.
917 1783 1004 1829 569)
1031 1786 1066 1818 et
1099 1783 1195 1818 Kritz
1230 1784 1349 1829 (praef.
1383 1795 1416 1828 p.
1454 1785 1514 1828 24)
1550 1783 1739 1819 Salustium

130 1840 204 1872 tum
230 1839 384 1873 nondum
411 1839 543 1884 cepisse
571 1840 762 1882 consilium,
790 1840 897 1875 immo
923 1851 965 1875 ne
992 1841 1163 1887 cogitasse
1189 1841 1328 1885 quidem
1364 1836 1595 1876 Historiarum
1631 1841 1739 1877 libros

129 1895 281 1930 scribere
309 1895 382 1941 (qui
408 1896 500 1931 enim
527 1896 632 1931 alium
658 1896 772 1932 locum
798 1900 1113 1940 commemorasset,
1142 1898 1171 1932 si
1196 1898 1349 1933 nondum
1375 1899 1417 1934 de
1453 1909 1492 1933 eo
1524 1899 1737 1945 cogitasset),

130 1954 247 1987 tamen
274 1963 353 1987 cum
379 1953 414 1988 in
440 1953 506 1988 hoc
534 1956 668 1989 tantum
695 1965 780 1999 opus
807 1956 1018 1990 exarandum
1043 1955 1152 1990 multa
1178 1957 1294 1990 essent
1320 1955 1521 2002 colligenda,
1546 1956 1738 1991 accuratius

129 2009 352 2051 excutienda,
381 2010 608 2045 examinanda
634 2014 737 2056 atque
763 2011 798 2046 in
835 2012 990 2047 ordinem
1022 2012 1229 2057 redigenda,
1257 2011 1471 2057 aliquantum
1497 2013 1662 2058 temporis
1688 2012 1739 2047 in-

129 2067 182 2102 ter
207 2065 338 2102 bellum
362 2066 609 2113 Iugurthinum
637 2071 669 2104 et
696 2068 928 2104 Historiarum
953 2068 1059 2105 libros
1085 2069 1306 2105 interiectum
1339 2069 1446 2105 fuisse
1481 2069 1663 2106 Gerlachio
1691 2070 1737 2115 (p.

127 2125 211 2168 569)
237 2123 337 2159 facile
365 2126 589 2161 concesseris.

1852 637 1873 652 ἑή

1842 653 1873 688 ..ΞΕ

1852 704 1854 708 χ
1859 705 1873 724 ,ὦ

1851 767 1873 792 ir*-

1856 832 1873 862 ,ῖς

248 2180 335 2216 Cum
361 2182 468 2228 igitur
494 2194 563 2218 non
602 2184 681 2218 ante
713 2194 842 2218 annum
879 2183 1011 2231 714s4o
1051 2183 1103 2220 vel
1138 2184 1267 2231 715s39
1307 2184 1439 2220 exarari
1478 2186 1618 2231 coeptos
1657 2193 1734 2219 esse
1788 2205 1792 2209 ·
1824 2192 1826 2195 ’
1860 2157 1867 2200 ἶ

126 2239 360 2275 Historiarum
396 2240 502 2277 libros
529 2244 800 2277 consentaneum
826 2242 871 2278 sit
885 2242 914 2289 7)
942 2245 977 2278 et
1002 2242 1157 2288 singulos
1184 2242 1329 2289 singulis
1356 2243 1518 2289 deinceps
1545 2242 1644 2278 annis
1672 2242 1729 2278 ab-

207 2363 230 2400 1)
254 2364 360 2392 Dietsch
383 2365 415 2392 ad
438 2365 492 2402 lug.
514 2366 540 2399 5,
565 2366 590 2393 4.

205 2411 229 2448 ²)
251 2413 303 2440 vid.
325 2413 412 2440 Teuff.
436 2413 497 2442 Sall.
520 2423 545 2449 p.
570 2414 612 2440 ¹0.

204 2459 226 2494 ⁸)
248 2460 274 2486 in
296 2469 385 2487 rerum
408 2469 487 2487 mem.
510 2461 578 2488 libro
600 2462 617 2487 1.
640 2461 682 2487 ed.
706 2461 783 2488 Basil.
811 2462 889 2489 1590.
913 2471 937 2498 p.
962 2463 1005 2490 11.

205 2506 229 2544 ⁴)
250 2506 303 2535 Cic.
326 2508 397 2535 Brut.
419 2508 465 2543 29,
488 2508 551 2536 112.

205 2554 228 2591 ⁶)
248 2556 309 2583 Tac.
330 2557 392 2592 Agr.
414 2557 439 2584 1.

205 2602 227 2636 ¹⁵)
250 2602 315 2629 Gen.
338 2611 363 2629 n.
386 2611 408 2629 a.
432 2603 456 2636 1,
480 2603 523 2636 12,
548 2604 591 2630 15.
615 2603 659 2636 20,
682 2604 707 2637 6,
729 2605 755 2630 3.

205 2649 229 2688 ⁷)
251 2649 323 2678 Kritz
344 2650 426 2689 praef.
448 2659 474 2688 p.
497 2650 542 2681 24.
