1873 2859
1624 39 1697 100 Δ11·

66 173 69 175 “
90 153 206 213 orarit,
226 145 474 205 fflfflffi'eentra
496 177 631 203 morem
655 163 1007 213 consuetudinemque
1021 166 1207 204 militarem
1224 148 1318 210 ,fieri'
1345 179 1433 215 quae
1450 167 1690 204 dissolvendae

65 233 68 267 ζ
98 216 296 273 disciplinae
316 218 583 270 severitatisque
609 225 736 267 essent,
761 224 857 260 misit
880 222 928 260 M.
944 224 1097 273 'Gallium
1123 224 1186 269 Qu.
1200 225 1253 266 F„
1280 225 1338 270 qui
1365 225 1497 270 (Idibus
1521 226 1594 261 fere
1608 224 1692 261 Sex-

99 280 228 329 tilibus)
262 274 488 317 Brundisium
523 281 633 323 venit,
669 283 709 316 ut
732 280 886 328 legiones
911 282 946 317 in
973 281 1126 318 Siciliam
1151 282 1348 318 traduceret
1362 283 1400 325 ¹).
1451 282 1574 329 Neque
1599 282 1694 319 enim

100 339 287 379 Salustium
313 335 458 380 venisse,
486 340 525 373 ut
541 337 693 384 legiones
718 339 924 382 traduceret,
943 350 1056 384 neque
1081 342 1199 375 nostro
1217 339 1367 375 Salustio
1385 339 1572 385 quidquam
1597 340 1695 386 igno-

99 398 190 436 visse
215 394 416 438 Caesarem,
442 395 478 430 id
503 395 596 441 quod
620 395 708 431 bene
733 395 909 431 adnotavit
932 395 1077 432 Dietseh
1092 396 1141 443 2),
1162 397 1236 443 qui
1260 396 1385 442 legerit
1410 406 1485 431 eam
1511 395 1694 442 epistulam

99 456 185 498 (Att.
215 454 277 494 11.
304 453 383 496 20),
409 452 509 488 facile
533 452 720 499 intelleget.
773 453 862 489 Sunt
886 454 978 489 enim
1003 453 1090 489 haee
1115 454 1189 489 eius
1214 454 1342 489 verba:
1379 445 1532 499 Septimo
1558 454 1692 489 decimo

97 511 172 550 Kal.
199 511 293 555 Sept.
320 511 461 545 venerat
485 509 540 545 die
565 509 717 545 XXVIII
742 509 897 545 Seleucia
922 510 1036 545 Pieria
1061 510 1097 546 C.
1125 510 1326 552 Trebonius,
1354 510 1412 555 qui
1440 521 1476 546 se
1503 510 1690 546 Antiochia

97 570 226 607 diceret
260 568 350 613 apud
384 566 566 603 Caesarem
599 566 729 603 vidisse
764 566 929 612 Quintum
962 564 1073 604 filium
1107 578 1185 603 eum
1217 567 1342 603 Hirtio.
1402 566 1471 603 Eos
1497 568 1539 603 de
1565 566 1692 612 Quinto

97 622 235 673 (patre),
267 635 354 671 quae
380 624 554 666 voluisset,
581 624 787 669 impetrasse
812 625 906 660 nullo
932 625 1070 671 quidem
1096 626 1244 672 negotio.
1294 625 1441 660 Etiam
1467 625 1693 660 Sallustio

96 682 287 730 ignovit.
315 680 463 716 Omnino
489 681 614 716 dieitur
631 682 760 716 nemini
777 692 923 727 negare;
949 683 1040 727 quod
1066 683 1179 727 ipsum
1205 685 1258 717 est
1278 685 1487 727 suspectum,
1515 682 1692 717 notionem

97 740 169 777 eius
195 737 334 774 differri.
374 737 420 773 M.
448 737 627 773 Gallius
654 736 724 781 Qu.
751 737 789 773 F.
808 738 978 784 mancipia
996 731 1225 774 Sallustio
1251 738 1468 774 reddidit.
1494 738 1537 773 Is
1563 738 1693 773 venit

97 799 135 833 ut
152 795 305 842 legiones
323 795 358 830 in
373 794 525 831 Siciliam
543 795 770 830 traduceret.“
799 795 916 841 Atque
929 795 1072 841 Pompei
1090 798 1332 832 assectatorem
1353 796 1458 832 fuisse
1473 795 1568 831 illum
1583 794 1693 831 Sallu-

95 854 209 896 stium,
232 852 287 888 eui
301 851 426 887 Caesar
452 852 593 898 ignovit,
621 852 842 887 manifestum
863 854 926 887 est.
967 852 1078 897 Quare
1104 854 1219 888 nescio
1237 865 1279 887 an
1297 853 1402 888 fuerit
1420 852 1480 888 Cn.
1498 852 1690 894 Sallustius,
1728 862 1734 867 ·

94 910 268 947 Ciceronis
282 910 424 952 amicus,
451 920 530 944 eum
545 920 622 954 quo,
642 910 681 944 ut
695 908 841 953 Quintus
859 909 965 945 frater
980 909 1090 945 filium
1104 921 1182 945 cum
1197 910 1320 952 Hirtio,
1340 911 1388 945 ita
1405 910 1543 946 Marcus
1558 909 1693 945 Cicero-

94 979 173 1005 nem
206 966 315 1002 filium
342 967 385 1002 ad
411 966 593 1002 Caesarem
626 966 763 1002 mittere
798 967 1024 1003 constituerat
1057 967 1195 1013 quidem
1210 968 1248 1010 3),
1276 968 1337 1003 sed
1363 978 1441 1003 eum
1466 968 1509 1002 de
1535 966 1692 1002 Caesaris

93 1024 301 1061 Alexandria
331 1023 487 1059 discessu
511 1025 665 1059 nondum
691 1024 862 1067 audisset,
888 1035 957 1060 non
982 1024 1119 1068 misit4).
1169 1024 1291 1060 Eidem
1318 1024 1377 1060 Cn.
1405 1024 1577 1066 Sallustio,
1613 1034 1693 1059 cum

93 1081 274 1127 opulentus
299 1080 403 1116 fuerit
415 1080 455 1124 ⁵),
482 1079 630 1115 Gallium
655 1081 826 1126 mancipia
850 1081 1042 1116 reddidisse
1059 1084 1152 1126 puto,
1180 1082 1326 1116 Gallium
1354 1084 1469 1117 autem
1494 1082 1628 1116 venisse
1653 1082 1695 1115 ut

93 1138 245 1183 legiones
272 1138 476 1173 traduceret.
527 1137 621 1172 Idem
657 1138 779 1172 eodem
812 1137 883 1172 fere
917 1139 1071 1183 tempore
1106 1137 1242 1173 efficere
1279 1138 1391 1173 eonati
1418 1139 1499 1173 sunt
1524 1137 1560 1173 P.
1587 1136 1689 1172 Corn.

94 1194 186 1230 Sulla
212 1196 246 1230 et
270 1193 410 1229 Marcus
435 1193 604 1236 Messala;
632 1194 693 1229 sed
719 1204 798 1229 eum
823 1193 953 1229 Sullam
978 1194 1149 1240 lapidibus
1175 1195 1305 1240 egisset
1330 1195 1420 1240 legio
1447 1194 1650 1229 duodecima
1662 1194 1690 1238 θ)

92 1251 278 1288 Messalam
312 1251 349 1287 T.
380 1251 536 1287 Salienus
571 1251 725 1286 centurio
758 1251 903 1297 legionis
937 1251 1076 1297 quintae
1111 1252 1304 1287 obsedisset
1337 1251 1518 1287 Messanae
1555 1251 1587 1297 (⁴?
1610 1249 1689 1286 bell.

93 1309 167 1344 Afr.
194 1311 267 1353 28),
294 1310 395 1343 ambo
425 1311 690 1350 „cucurrerunt“
721 1309 763 1343 ad
781 1308 964 1345 Caesarem
993 1309 1102 1354 „pulsi
1128 1321 1148 1344 a
1171 1309 1349 1351 militibus,
1377 1310 1435 1354 qui
1455 1320 1491 1344 se
1517 1309 1692 1355 negabant

92 1376 247 1412 usquam,
275 1365 341 1401 nisi
367 1364 648 1411 accepissent“⁷).
676 1364 800 1401 Caesar
825 1365 932 1412 igitur
958 1375 1036 1401 eum
1062 1366 1098 1400 in
1123 1365 1259 1400 Italiam
1284 1366 1436 1400 venisset
1460 1375 1579 1400 mense
1605 1365 1690 1410 Sep·
1753 1375 1757 1379 ·

93 1424 216 1459 tembri
250 1418 389 1465 omneS,
421 1434 509 1469 quae
533 1424 687 1459 nondum
713 1426 811 1459 erant
836 1424 1028 1466 traductae,
1066 1423 1199 1469 copias,
1237 1434 1279 1459 ne
1306 1434 1385 1458 cum
1410 1422 1555 1469 singulis
1580 1422 1691 1468 pacis-

93 1481 227 1515 ceretur
252 1482 287 1515 et
311 1482 350 1515 ut
375 1480 455 1515 inde
481 1479 580 1514 facile
597 1480 633 1514 in
648 1479 803 1514 Africam
821 1481 1093 1522 traducerentur,
1119 1481 1155 1514 in
1173 1479 1395 1524 Campaniam
1409 1481 1533 1514 deduci
1546 1480 1690 1514 iussisse

91 1536 177 1573 mihi
203 1537 340 1573 videtur
353 1537 390 1582 ⁸).
415 1537 560 1573 Interim
578 1537 652 1583 ipse
676 1536 806 1573 Romae
832 1537 1021 1583 composito
1043 1535 1239 1572 Dolabellae
1265 1538 1300 1572 et
1325 1535 1474 1572 Trebelli
1499 1538 1534 1572 et
1558 1535 1691 1571 Antoni

92 1594 241 1629 tumultu
254 1596 293 1637 ⁹),
320 1606 388 1640 quo
413 1594 569 1639 pluribus
595 1595 637 1629 de
663 1605 700 1629 se
725 1595 812 1629 bene
837 1595 970 1629 meritis
1004 1594 1228 1636 satisfaeeret,
1256 1596 1290 1629 et
1315 1595 1350 1629 in
1375 1594 1525 1640 reliquos
1551 1604 1690 1630 menses

91 1650 170 1686 anni
204 1650 334 1698 707147
360 1652 395 1691 et
420 1651 540 1687 eodem
574 1650 646 1686 fere
683 1652 836 1697 tempore
862 1650 898 1686 in
923 1650 1119 1697 proximum
1152 1661 1279 1685 annum
1310 1650 1439 1695 708s46
1464 1650 1690 1695 magistratus

91 1709 228 1744 creavit.
254 1709 348 1745 Haec
374 1706 467 1745 enim
484 1711 565 1744 sunt
579 1709 669 1754 apud
687 1708 835 1745 Dionem
860 1709 931 1752 (42,
958 1709 1014 1752 51,
1042 1709 1095 1754 3):
1123 1707 1392 1756 (,,ἆνηρτήσατο)
1414 1707 1482 1742 τῶν
1504 1718 1690 1755 προσεται-

90 1765 215 1810 ριστῶν
239 1765 308 1798 τῶν
332 1777 371 1800 τε
396 1766 656 1810 συναγωνιστῶν
680 1766 762 1806 τοῦς
786 1763 850 1810 μὲν
883 1765 1071 1809 βουλευτὰς
1100 1762 1297 1811 ἱερωσύναις
1321 1763 1359 1799 τὲ
1383 1763 1440 1798 καὶ
1469 1765 1589 1811 ἀρχαῖς
1612 1765 1690 1806 ταῖς

89 1832 128 1856 τε
140 1819 175 1864 ἐς
186 1822 248 1857 τὸν
260 1822 387 1857 λοιπόν
398 1823 462 1857 τοῦ
481 1819 580 1865 ἔτους
594 1819 727 1858 ἐκείνου
741 1822 862 1870 χρόνον
883 1820 941 1857 καὶ
958 1822 1036 1865 ταῖς
1052 1820 1087 1865 ἐς
1108 1819 1228 1865 νέωτα,
1249 1821 1307 1856 ἵνα
1326 1821 1390 1869 γὰρ
1409 1818 1552 1863 πλείους
1574 1820 1687 1856 mium

92 1876 302 1927 ἀμείψηται,
336 1879 545 1927 στρατηγούς
573 1892 611 1914 τε
646 1877 729 1915 δέκα
761 1879 796 1922 ἐς
824 1880 865 1915 τὸ
897 1877 1101 1921 {mergites
1125 1877 1288 1922 ἀπέδειξε
1317 1878 1373 1913 καὶ
1398 1876 1511 1925 ἱερέας
1534 1876 1624 1925 ὑπὲρ
1647 1878 1690 1913 τὸ

90 1935 367 1983 νενομισμένον.“
393 1937 439 1973 Ε1
457 1938 492 1973 111
518 1940 717 1984 praetorum
743 1938 882 1984 quidem
900 1948 1044 1974 numero
1063 1937 1137 1974 sine
1155 1937 1258 1973 dubio
1276 1937 1340 1972 fuit
1357 1936 1525 1973 Salustius
1541 1936 1595 1981 ¹⁰).
1622 1935 1686 1971 At-

90 2004 156 2039 que
182 2006 223 2030 ex
249 2007 289 2030 eo
314 1996 399 2041 ipso,
427 1996 519 2041 quod
544 2006 584 2031 eo
610 2007 699 2031 311110
725 1998 861 2031 creatus
887 1998 941 2031 est
964 1997 1112 2041 praetor,
1140 2006 1207 2041 quo
1232 1995 1366 2037 Caesar,
1393 1996 1431 2029 ut
1455 2004 1558 2040 quam
1582 1993 1688 2039 pluri-

166 2109 188 2145 ι)
209 2109 255 2137 Cic
285 2111 335 2137 Att.
360 2110 404 2144 11,
425 2110 471 2144 20,
493 2110 509 2137 2
531 2118 583 2137 scr.
605 2109 660 2136 xvi
681 2109 736 2137 Kal.
758 2109 832 2145 Sept.
856 2109 967 2146 707]st

146 2156 189 2195 ²¹)
212 2155 320 2194 [praev
340 2166 366 2193 p.
390 2157 450 2194 10²]
471 2160 565 2185 contra
585 2157 691 2184 Teuffel
712 2157 742 2184 Β.
763 2157 791 2184 Ε.
812 2157 844 2184 vl
867 2158 877 2184 1
904 2166 929 2192 p.
950 2157 1013 2184 696.
1046 2157 1115 2183 Kritz
1136 2157 1219 2192 praef.
1242 2166 1265 2192 p.
1288 2157 1313 2182 3.
1343 2156 1417 2183 Klotz
1439 2156 1464 2183 in
1487 2155 1540 2182 ind.
1564 2164 1585 2182 s.
1610 2164 1634 2181 v.
1655 2154 1684 2182 C.

34 2224 38 2228 -
89 2202 222 2233 Salustius
243 2204 372 2244 aliosque.

163 2252 190 2289 ⁸)
211 2253 272 2281 sam.
296 2254 340 2287 14,
362 2254 407 2287 11,
428 2254 444 2281 Ξ
466 2254 517 2282 Au.
540 2254 652 2287 11,17,
675 2254 699 2280 1.

165 2298 187 2335 ⁴)
208 2301 259 2327 Aa.
282 2301 327 2333 11,
350 2301 394 2333 18,
417 2301 441 2328 1.

166 2344 443 2384 ὗ)1111.11,11,2.

164 2395 187 2430 ⁸)
208 2396 262 2423 Cio.
283 2397 334 2424 Mt.
358 2398 402 2431 Η,
424 2397 469 2431 21,
491 2397 516 2424 2.
539 2397 578 2424 Vl.
600 2397 655 2424 Kal.
678 2396 753 2432 Sept.

165 2442 187 2478 ¹¹)
208 2442 262 2471 Cio.
283 2445 334 2471 Att.
357 2444 401 2477 Η,
420 2444 465 2477 22,
488 2444 505 2471 Ξ
532 2444 595 2471 circ.
621 2444 676 2471 Kal.
699 2443 772 2479 Sept.

165 2489 190 2527 ⁸)
212 2491 246 2518 Cf·
268 2491 315 2520 Dio
336 2491 365 2521 C·
386 2492 432 2526 42,
453 2492 499 2526 52,
522 2492 552 2520 ¹:
574 2494 607 2525 ἐν
631 2492 815 2535 Καμπανίᾳ
840 2491 876 2524 δὲ
902 2492 932 2523 οἱ
958 2490 1087 2527 πλείους
1112 2488 1229 2530 αὐτῶν,
1257 2488 1302 2527 ὠς
1326 2489 1379 2522 καὶ
1404 2491 1435 2527 ἐς
1460 2487 1517 2532 τήν
1533 2487 1690 2533 Ἀφρικὴ

0 2522 23 2571 μ’.
88 2528 376 2573 προπλευσόμενοι,
401 2527 493 2573 ἦσαν.

165 2584 189 2622 ⁹)
210 2586 320 2622 Appian,
342 2587 367 2615 b,
389 2596 411 2615 0,
432 2587 452 2615 11
473 2587 524 2614 92:
548 2577 593 2616 ὥς
618 2575 645 2610 δ’
671 2573 774 2620 ἦλθεν
798 2575 818 2620 ἡ
844 2577 901 2619 μὲν
926 2574 1039 2614 στάσις
1063 2574 1082 2619 ἡ
1109 2574 1255 2618 πολιτική
1281 2573 1545 2608 κατεπαύετο...

156 2631 191 2670 ¹⁰)
213 2632 263 2663 nio
284 2634 313 2663 c.
334 2635 380 2670 ω,
401 2635 447 2673 52,
470 2635 502 2667 2:
530 2624 688 2672 στατηγός
712 2623 773 2671 γάρ
790 2650 797 2658 .
812 2650 842 2661 -.
868 2623 1087 2658 ἀπεδέδεικτο.
1114 2633 1214 2661 lnvect.
1238 2633 1261 2669 7,
1285 2632 1328 2660 19.
1349 2631 1415 2660 sen.
1435 2632 1488 2660 Art.
1510 2632 1536 2661 8.
