1873 2859
74 34 88 41 “
193 20 259 102 a

106 343 110 346 ’
160 380 162 382 ,
210 345 325 388 sisset,
354 356 466 391 neque
493 345 630 387 Caesar,
658 355 735 380 cum
762 345 985 391 Hispaniensi
1010 345 1100 380 bello
1127 348 1311 391 occupatus
1337 346 1380 380 ab
1405 345 1490 381 urbe
1517 345 1663 386 abesset,
1690 346 1750 379 aut
1772 339 1817 380 lie
1859 357 1873 380 κ

210 171 434 208 intercalares
460 166 595 208 dierum
621 172 756 217 septem
782 172 817 206 et
842 164 1022 217 sexaginta
1047 165 1338 214 adnumeraveris,
1364 171 1560 217 praetorem
1585 176 1649 217 pro
1674 182 1714 217 co

210 240 290 266 cum
315 229 473 277 imperio,
499 240 627 265 annum
653 229 699 266 45
725 229 937 275 praetorium
963 239 1043 265 eum
1073 229 1270 276 provinciae
1295 229 1629 275 praefuisse-nescio
1650 232 1698 266 'an
1723 238 1761 267 re

209 288 350 324 dixeris.
376 288 524 324 Accedit
548 288 651 333 quod,
681 288 710 322 si
737 290 892 324 extremo
918 299 1007 323 anno
1032 288 1079 324 46
1106 291 1164 324 aut
1189 288 1286 323 initio
1311 288 1392 324 anni
1417 289 1462 325 45
1493 287 1669 333 provincia
1700 278 1818 331 deces-
1855 304 1873 347 q

1858 340 1873 359 ,,

209 414 350 440 causam
384 404 515 440 diceret
548 402 734 450 prohibere
766 406 824 439 aut
857 405 1056 440 accusatum
1079 403 1263 440 vdimittere
1297 402 1468 449 potuisset
1501 413 1613 449 neque
1647 401 1828 439 Salustius
1852 389 1873 439 3⁴2

207 471 288 496 cum
313 472 353 497 eo
388 461 516 507 pacisci
548 464 607 495 aut
632 461 850 496 Tiburtinam
886 461 1001 496 villam
1028 472 1153 496 emere.
1213 460 1302 504 Quin
1328 461 1432 495 etiam
1458 463 1550 502 tum,
1587 471 1666 495 cum
1691 456 1817 495 Caesar

208 518 298 555 bello
324 518 547 565 Hispaniensi
573 519 730 554 confecto
764 518 910 568 Romam
936 529 1096 554 reversus
1123 521 1157 554 et
1183 529 1244 554 suo
1271 520 1305 554 et
1337 517 1530 564 legatorum
1557 517 1744 563 triumphis
1770 518 1813 554 de

208 577 341 613 civibus
367 577 454 612 actis
480 576 670 612 multorum
690 576 821 611 animos
840 576 1032 620 ostendit1),
1060 577 1095 611 in
1120 576 1297 622 provincia
1323 576 1430 612 fuisse
1448 575 1637 611 Salustium
1662 576 1818 611 statuunt
1848 571 1858 575 '¹

207 633 243 677 ii,
278 634 337 680 qui
372 633 555 680 epistulam
589 633 615 668 I.
651 634 694 669 ad
728 633 823 669 Caes
859 635 900 669 de
934 633 1128 679 republica,
1164 645 1232 679 qua
1263 635 1380 668 monet
1414 632 1614 675 Caesarem,
1650 642 1695 667 ne
1728 630 1817 669 male

193 693 325 727 ·utatur
350 692 493 727 victoria
519 692 561 727 de
596 691 727 727 civibus
753 693 945 737 reportata,
980 692 1146 726 Numidia
1180 692 1295 726 datam
1330 702 1405 726 esse
1431 692 1564 736 putant.
1616 690 1710 736 Ergo
1736 701 1816 726 eum

209 749 274 785 sub
299 749 406 785 finem
433 749 513 784 anni
539 749 585 785 45
613 760 691 783 cum
717 749 853 795 magnis
890 749 1019 783 divitiis
1059 750 1094 783 in
1119 749 1295 794 provincia
1321 748 1473 784 collectis
1500 748 1646 783 Romam
1671 747 1815 783 rediisse

208 808 420 843 censendum
447 809 510 841 est.
561 807 678 851 Atque
705 818 745 841 eo
771 807 845 851 ipso
873 808 1027 851 tempore
1062 806 1187 841 Caesar
1213 807 1248 841 in
1283 806 1418 841 iudiciis
1445 807 1487 841 de
1514 806 1645 841 ambitu
1673 817 1713 841 ex
1738 804 1814 851 lege

206 863 372 908 Pompeia
396 863 525 898 habitis
540 863 567 906 ²)
598 863 670 904 ,ius
689 862 959 897 laboriosissime
985 874 1024 897 ac
1054 863 1272 897 severissime
1299 863 1403 904 dixit;
1430 863 1699 907 repetundarum
1726 862 1816 907 (lege

206 919 307 966 Iulia)
333 920 509 956 convictos
545 919 649 956 etiam
676 920 794 955 ordine
821 919 994 955 senatorio
1021 919 1147 955 movit“
1157 919 1193 961 ³).
1245 919 1374 955 Eadem
1402 920 1508 966 igitur
1541 919 1623 966 lege
1643 918 1730 954 Iulia
1755 918 1815 960 Sar

205 978 350 1013 lustium
376 989 512 1024 quoque
538 978 788 1023 postulaverint
812 979 960 1017 fortasse
986 980 1045 1013 aut
1062 978 1236 1023 postulare
1264 974 1471 1023 paraverint,
1499 980 1536 1012 ut
1553 977 1650 1012 litem
1675 977 1813 1012 nomine

204 1035 241 1070 in
276 1035 465 1071 Salustium
508 1046 545 1071 re
586 1035 621 1070 in
660 1035 774 1080 ipsum
809 1035 991 1071 Caesarem
1034 1036 1088 1070 cui
1130 1035 1330 1070 scandalum
1367 1037 1550 1080 pararent,
1594 1034 1814 1070 intenderent

205 1091 363 1129 Caesaris
389 1093 530 1128 inimici.
583 1093 675 1128 Nam
702 1093 730 1127 si
757 1093 1004 1128 condemnaret
1030 1092 1238 1135 Salustium,
1265 1093 1339 1138 ipse
1375 1093 1495 1128 eadem
1529 1104 1591 1127 sua
1623 1092 1700 1138 lege
1735 1102 1813 1127 reus
1865 1084 1870 1089 ”

205 1161 282 1185 esse
318 1150 516 1192 videbatur;
552 1150 605 1184 sin
641 1150 835 1185 absolveret
860 1150 1010 1195 iniquius
1046 1153 1082 1185 et
1113 1151 1253 1196 gravius
1279 1150 1314 1184 in
1341 1161 1418 1191 eos,
1452 1160 1538 1194 quos
1564 1151 1667 1184 modo
1693 1152 1812 1184 senatu

206 1209 373 1250 moverat,
401 1207 615 1243 consuluisse
643 1207 830 1242 videbatur.
871 1207 920 1242 At
945 1207 1080 1246 Caesar,
1109 1218 1187 1243 cum
1213 1219 1275 1253 pro
1302 1218 1363 1242 sua
1394 1207 1548 1253 potentia
1573 1206 1684 1252 magis
1711 1217 1811 1252 quam
1837 1213 1840 1215 '

204 1267 377 1310 potestate
410 1264 572 1299 liberaret
599 1264 797 1306 Salustium,
834 1265 999 1300 maiorem
1035 1266 1139 1300 etiam
1174 1268 1208 1300 ct
1241 1265 1306 1299 sibi
1341 1267 1376 1299 et
1409 1265 1457 1299 illi
1483 1265 1616 1310 paravit
1640 1264 1812 1299 invidiam.

203 1322 364 1357 Accessit
389 1334 517 1363 rumor,
545 1333 708 1367 magnam
734 1322 914 1367 pecuniam
929 1323 957 1367 4)
986 1335 1004 1358 a
1030 1322 1180 1358 Salustio
1204 1322 1377 1368 accepisse
1405 1322 1596 1364 Caesarem,
1625 1321 1813 1357 Salustium

203 1390 223 1413 a
249 1379 395 1413 Caesare
421 1379 537 1413 villam
563 1379 790 1413 Tiburtinam.
843 1379 936 1421 Quae
963 1390 1172 1424 quamquam
1207 1380 1335 1423 emptio
1370 1380 1458 1413 iusta
1496 1383 1530 1414 et
1564 1390 1672 1423 aequa.
1707 1380 1812 1413 fuisse

203 1435 290 1471 mihi
315 1436 470 1479 videtur,
498 1439 633 1478 tamen,
660 1438 699 1470 ut
724 1435 799 1471 fieri
826 1434 930 1478 solet,
959 1447 1026 1482 quo
1053 1438 1238 1482 augeretur
1273 1436 1401 1472 invidia
1426 1436 1571 1482 pecunia
1597 1439 1631 1473 ct
1656 1436 1735 1472 villa
1761 1447 1812 1472 se-

202 1494 351 1538 paratim
386 1494 467 1528 data
501 1496 534 1529 et
567 1496 709 1538 accepta
735 1504 811 1528 esse
838 1493 1026 1528 dicebatur.
1077 1495 1193 1539 Atque
1219 1494 1304 1529 haec
1330 1495 1405 1539 ipsa
1430 1495 1635 1529 iudiciorum
1661 1494 1812 1539 pericula

203 1552 239 1586 et
260 1550 426 1586 invidiam
462 1550 541 1585 inde
568 1552 723 1586 exortam
750 1550 791 1585 iis
818 1551 921 1585 rebus
957 1551 1110 1586 advorsis
1146 1552 1462 1594 adnumeraverim,
1499 1563 1586 1597 quae
1621 1551 1687 1587 sibi
1713 1552 1748 1586 in
1774 1561 1811 1586 re

200 1607 339 1652 publica
363 1608 471 1642 fuisse
498 1608 719 1652 conqueritur
748 1607 918 1642 Salustius
946 1608 1031 1652 (Cat.
1060 1610 1092 1650 3,
1121 1610 1167 1652 3).
1196 1609 1281 1644 Tam
1298 1609 1363 1644 etsi
1383 1610 1475 1644 enim
1501 1609 1635 1644 animus
1662 1608 1810 1644 insolens

200 1663 371 1700 malarum
397 1664 524 1699 artium
550 1664 746 1705 audaciam,
774 1663 1003 1711 largitionem,
1032 1665 1277 1701 averitiam
1304 1666 1561 1712 aspernabatur,
1584 1667 1706 1701 'tamen
1733 1676 1811 1701 eum

200 1721 344 1758 honoris
370 1722 534 1768 cupidum
561 1722 704 1768 (Jacobs
731 1722 774 1756 ad
799 1721 834 1766 l.)
861 1723 981 1758 eadem
1008 1734 1094 1769 quae
1114 1726 1247 1759 ceteros
1273 1724 1365 1758 fama
1391 1726 1494 1769 atque
1512 1724 1640 1759 invidia
1666 1723 1809 1759 vexabat

198 1779 287 1824 (Cat.
315 1781 346 1822 3,
374 1780 418 1821 4).
446 1780 558 1825 Igitur
583 1780 642 1815 ubi
677 1780 811 1814 animus
847 1791 887 1814 ex
921 1780 963 1815 iis
999 1781 1148 1816 miseriis
1181 1783 1283 1826 atque
1319 1781 1480 1826 periculis
1517 1782 1705 1827 requievit,
1742 1779 1807 1816 sibi

198 1836 369 1882 reliquam
395 1839 544 1872 aetatem
570 1848 590 1871 a
614 1836 790 1882 republica
816 1837 935 1882 procul
961 1836 1158 1873 habendam
1184 1839 1336 1873 decrevit
1362 1838 1413 1883 (C.
1440 1839 1473 1881 4,
1503 1839 1547 1882 1).
1568 1828 1574 1836 ’
1596 1838 1693 1882 Quod
1719 1837 1810 1873 enim

197 1892 342 1929 honoris
367 1893 543 1939 repulsam
569 1905 589 1928 a
614 1893 760 1929 Caesare
786 1896 963 1939 acceptam
990 1895 1031 1929 iis
1058 1895 1171 1930 verbis
1199 1895 1387 1940 significari
1414 1895 1559 1930 Dietsch
1586 1895 1651 1940 (or.
1678 1906 1710 1940 p.
1736 1894 1810 1939 28.)

197 1961 239 1986 ex
264 1961 305 1986 eo
339 1950 572 1998 colligendum
605 1961 682 1986 esse
715 1952 914 1996 putaverat,
951 1952 1042 1997 quod
1077 1951 1246 1987 Salustius
1281 1964 1350 1988 non
1386 1953 1432 1987 sit
1466 1953 1556 1989 inter
1590 1951 1748 1988 consules
1773 1950 1809 1985 in

197 2008 375 2052 proximos
409 2019 518 2043 annos
554 2008 721 2051 (44-41)
757 2019 776 2042 a
802 2008 950 2043 Caesare
984 2009 1203 2054 designatos,
1238 2012 1359 2054 postea
1373 2011 1399 2054 ⁵)
1434 2010 1482 2045 ita
1515 2009 1732 2051 retractavit,
1770 2009 1810 2042 ut

198 2064 382 2101 Caesarem
409 2075 488 2100 cum
513 2065 658 2111 imperio
685 2067 886 2100 secuturum
911 2065 1018 2101 fuisse
1054 2065 1242 2101 Salustium
1268 2068 1417 2112 putaret,
1445 2066 1532 2102 mihi
1558 2066 1699 2113 quidem
1724 2065 1808 2100 adeo

197 2134 267 2158 non
282 2123 460 2169 probatur,
486 2125 524 2158 ut
539 2122 689 2158 Salustio
703 2122 772 2158 iam
788 2134 828 2159 ea
842 2125 1059 2169 tempestate,
1084 2124 1247 2170 quoniam
1260 2135 1372 2170 neque
1386 2125 1506 2160 virtuti
1526 2124 1637 2160 honos
1652 2123 1807 2163 dabatur,

195 2182 235 2215 ut
255 2180 305 2216 M.
332 2180 485 2217 Antonio
511 2180 710 2216 consulatus
736 2181 771 2216 in
798 2192 926 2216 annum
944 2182 990 2218 44
1003 2182 1041 2225 ⁶),
1068 2192 1180 2227 neque
1198 2182 1323 2227 quibus
1349 2183 1505 2225 dabatur,
1525 2182 1575 2217 illi
1602 2181 1666 2217 tuti
1692 2182 1751 2215 aut
1768 2189 1807 2214 eo

195 2238 308 2283 magis
322 2237 462 2273 honesti
479 2240 588 2281 erant,
614 2238 840 2284 magistratus
859 2241 894 2273 et
911 2239 1056 2284 imperia
1073 2241 1250 2284 postremo
1269 2251 1407 2275 omnem
1426 2251 1545 2275 curam
1563 2250 1679 2274 rerum
1697 2235 1807 2282 publi-

195 2305 314 2330 carum
339 2294 482 2330 minime
509 2295 719 2341 cupiundam
746 2295 855 2330 visam
889 2306 965 2331 esse
991 2297 1184 2342 putaverim
1212 2296 1300 2342 (lug.
1329 2298 1360 2340 3,
1389 2298 1448 2342 2.).

272 2408 294 2445 ι)
315 2409 397 2446 Lang.
419 2409 459 2438 111.
480 2409 545 2437 455.
567 2408 633 2437 454.

273 2456 298 2493 ¹)
319 2457 403 2494 Lang.
425 2457 463 2488 ΠΙ.
484 2457 550 2486 465.

270 2504 292 2539 ⁸)
315 2505 389 2533 Suet.
412 2505 489 2533 Caes.
511 2506 557 2532 43.
1086 2527 1089 2529 »
1256 2526 1271 2530 -

272 2551 297 2590 ⁴)
318 2552 360 2580 HS
382 2553 552 2582 duodeciens
575 2565 609 2577 =
634 2553 768 2581 1050000
791 2555 815 2581 ss.
840 2566 873 2578 ε
897 2555 1029 2583 2100000
1052 2554 1102 2583 Mk.

270 2599 293 2638 ⁶)
314 2600 357 2629 D⁸.
379 2602 462 2637 praes.
485 2611 511 2638 p.
534 2603 595 2631 15¹.

270 2648 294 2688 ⁰)
315 2648 397 2687 Lang.
418 2649 456 2684 111,
469 2650 534 2678 465.
