1873 2859
160 133 240 160 cum
272 123 344 160 suis
377 122 572 169 coniunxit,
608 122 658 160 ita
690 121 861 161 Salustius
893 122 931 161 in
964 122 1103 172 scriptis
1134 136 1246 174 neque
1271 123 1405 164 Stoicos
1430 136 1559 176 neque
1605 117 1608 121 ¹

158 183 297 219 secutus
323 192 399 219 esse
424 182 570 226 videtur,
598 182 660 219 sed
685 193 805 219 eorum
830 186 1024 230 praecepta,
1050 195 1137 231 quae
1164 179 1304 231 quidem
1329 186 1395 222 sibi
1412 183 1651 233 probarentur,
1677 191 1759 225 cum
1771 193 1800 226 ¹:71

160 240 232 275 suis
257 241 439 276 coniuncta
466 252 528 276 suo
552 241 655 275 modo
681 243 716 276 et
740 241 873 277 ratione
899 242 1130 287 proposuisse.
1169 242 1312 288 Atque
1303 255 1339 278 111
1355 243 1572 289 pestilentiae
1589 247 1626 280 et
1641 245 1755 293 terrae
1790 257 1798 261 ·

158 299 273 333 motus
299 298 531 344 descriptione
556 297 650 332 haud
677 297 822 333 obscure
848 301 986 334 secutus
1012 309 1088 334 esse
1114 299 1249 334 videtur
1274 299 1494 346 Empedoclis
1528 302 1571 336 de
1596 296 1758 348 quattuor
1813 342 1815 344 ,

159 354 339 391 elementis
379 356 574 402 opinionem
589 356 623 399 ¹).
676 354 762 391 Stilo
796 358 910 391 autem
944 356 1123 402 scripsisse
1157 356 1422 402 Empedoclem,
1458 359 1517 404 qui
1550 362 1765 409 quamquam

158 412 224 449 fuit
247 412 382 457 Dorus,
418 413 563 450 dialecto
589 415 705 450 tamen
730 424 813 449 usus
840 416 893 449 est
917 413 1051 457 Ionica,
1085 425 1205 461 presso
1231 416 1266 450 et
1290 416 1389 462 quasi
1414 417 1457 452 ad
1481 427 1633 464 unguem
1658 416 1760 465 casti-
1795 429 1797 431 ·
1823 423 1846 463 f

156 473 256 518 gato,
295 471 465 508 luminum
500 474 616 507 tamen
650 474 684 508 et
717 482 834 508 rerum
866 471 968 517 pleno
1002 478 1037 508 et
1061 473 1246 509 memoriae
1272 474 1447 519 proditum
1473 477 1526 511 est
1551 477 1586 511 et
1610 486 1652 511 ex
1677 474 1756 512 reli·
1790 481 1815 519 j
1851 457 1873 517 f

157 528 247 575 quiis
273 528 446 576 colligitur
458 529 504 574 ²),
540 539 689 575 quocum
715 529 863 564 Salustio
898 531 1017 564 nostro
1042 530 1078 564 in
1104 529 1216 565 colore
1241 530 1375 576 poetico
1401 534 1436 567 et
1459 529 1579 577 presso
1605 533 1754 578 quodam
1816 555 1818 557 ν
1864 535 1873 541 ’“

156 588 192 622 et
215 587 331 623 minus
356 587 483 623 usitato
509 586 645 624 dicendi
679 598 806 634 genere
840 587 888 623 ita
914 588 1091 631 convenit,
1129 590 1168 623 ut
1192 587 1438 635 Empedoclem
1468 589 1573 626 latino
1598 592 1777 626 sermone*
1804 631 1807 635 ¹
1844 578 1873 625 „⁵

156 644 368 690 expressisse
393 645 561 680 videatur.

270 702 418 739 Accedit
451 703 618 750 denique,
646 705 696 738 -ιιι
729 713 769 739 eo
800 703 959 747 redeam,
994 704 1085 739 unde
1112 703 1190 747 abii,
1218 703 1419 741 sodalicium
1444 704 1688 752 Nigidianum,
1720 705 1756 742 in

157 761 250 806 quod
275 760 445 797 Salustius
481 755 606 797 abiis‘se
633 761 766 797 dicitur.
782 761 808 806 ³)
871 760 1098 807 Empedocles
1133 762 1226 797 enim
1258 763 1459 808 potissimus
1492 760 1774 810 Nigidianorum'

156 820 275 854 auctor
299 818 407 854 fuisse
433 819 606 865 putandus
633 821 696 854 est.
747 819 839 854 Nam
870 821 909 854 ut
934 817 1162 865 Empedocles
1194 819 1337 855 aliorum
1372 820 1512 866 quidem
1536 819 1758 867 philosopho-

155 887 233 912 rum
267 879 453 923 praecepta
488 888 566 913 cum
600 877 671 912 suis
698 877 935 920 coniunxisse,
977 878 1038 913 sed
1063 877 1316 924 Pythagoricus
1341 878 1448 915 fuisse
1473 870 1675 924 putabatur,
1710 878 1758 914 ita

155 933 335 981 Nigidiani
369 935 522 970 omnium
555 934 627 970 fere
660 934 947 980 philosophorum
963 963 965 970 ,
983 935 1108 980 placita
1138 946 1217 970 cum
1243 936 1313 970 suis
1340 936 1569 982 coniungere,
1605 937 1666 972 sed
1690 936 1768 981 ipsi*

155 1002 192 1027 se
218 991 470 1039 Pythagoricos
505 992 618 1028 dicere
654 991 811 1028 solebant
821 993 868 1037 ⁴¹),
908 995 946 1027 ut
971 991 1199 1038 Empedocles
1230 993 1342 1029 fuerat
1367 992 1568 1037 πολιτικός,
1601 992 1757 1041 φυσικός,

154 1048 362 1097 φιλόσοφος,
388 1048 510 1098 ῥήτωρ,
536 1046 664 1097 ἰατρός,
690 1050 738 1085 ita
759 1050 923 1097 Nigidius
948 1050 1023 1096 ipse
1050 1053 1084 1086 et
1109 1051 1182 1086 eius
1208 1051 1292 1086 socii
1318 1062 1436 1086 omnes
1461 1051 1533 1087 fere
1559 1050 1757 1097 disciplinas

153 1118 233 1144 cum
258 1108 478 1154 philosophia
503 1109 764 1152 coniunxerunt,
792 1109 884 1154 quod
910 1119 951 1144 ex
976 1109 1051 1154 ipso
1077 1109 1189 1144 indice
1223 1109 1430 1155 scriptorum
1455 1109 1721 1156 Nigidianorum
1730 1109 1757 1154 ⁵)

154 1166 276 1202 confici
309 1169 443 1212 potest,
485 1169 524 1202 ut
548 1166 776 1213 Empedocles
811 1166 920 1201 multa
954 1166 1018 1201 alia
1043 1177 1190 1212 peccans
1216 1167 1251 1202 in
1277 1167 1419 1203 deorum
1446 1167 1604 1212 opinione
1630 1167 1757 1214 turpisss

155 1224 241 1259 sime
276 1223 393 1269 lapsus
419 1235 495 1259 esse
521 1225 647 1259 dicitur
672 1235 692 1259 a
717 1223 880 1259 Cicerone
894 1224 941 1267 6),
977 1224 1025 1259 ita
1051 1227 1086 1259 et
1110 1224 1148 1260 P.
1168 1224 1337 1267 Vatinius,
1365 1225 1423 1269 qui
1448 1224 1513 1259 fuit
1538 1223 1755 1270 Nigidianus,

155 1281 197 1317 ab
232 1282 354 1317 eodem
380 1280 542 1316 Cicerone
578 1281 694 1316 odium
726 1280 903 1326 publicum
936 1280 1054 1326 populi
1080 1283 1114 1316 et
1140 1283 1279 1316 senatus
1294 1281 1321 1326 7)
1353 1283 1387 1317 et
1412 1283 1543 1316 struma
1569 1281 1716 1317 civitatis
1729 1281 1756 1326 Β)

162 1338 354 1385 appellatur
379 1342 414 1375 et
438 1339 474 1375 in
500 1338 627 1375 Salusti
653 1337 791 1385 scriptis
817 1338 980 1374 nonnulla
1005 1340 1086 1373 sunt
1110 1338 1235 1374 indicia
1261 1339 1403 1375 deorum
1430 1338 1598 1384 opinionis
1624 1350 1643 1374 a
1668 1341 1757 1375 cete-

153 1397 202 1432 ris
219 1395 384 1433 Romanis
403 1396 542 1433 alienae.
580 1396 675 1431 Haec
693 1398 897 1442 argumenta
913 1396 1012 1432 facile
1029 1406 1169 1441 possem
1188 1407 1314 1442 augere
1333 1398 1367 1431 et
1384 1395 1598 1439 confirmare,
1626 1396 1655 1431 si
1672 1395 1754 1431 Em·

151 1454 334 1501 pedocleae
371 1454 611 1501 philosophiae
645 1454 807 1500 reliquias
841 1464 919 1489 cum
944 1454 1149 1500 fragmentis
1183 1453 1379 1500 Nigidianis
1406 1455 1440 1490 et
1465 1453 1592 1489 Salusti
1618 1453 1755 1499 scriptis

152 1515 310 1549 accurate
345 1513 547 1549 conferrem.
599 1512 707 1556 Quod,
735 1523 813 1547 cum
840 1512 882 1547 ad
907 1511 1036 1557 scripta
1060 1511 1172 1558 magis
1199 1522 1302 1557 quam
1328 1512 1371 1547 ad
1396 1511 1502 1547 vitam
1527 1511 1655 1547 Salusti
1680 1522 1756 1557 per-

151 1571 269 1614 tineat,
296 1571 332 1605 in
358 1570 451 1605 aliud
477 1572 614 1615 tempus
640 1569 772 1612 differo,
799 1569 866 1604 hoc
892 1568 967 1604 loco
994 1569 1060 1604 tria
1084 1580 1126 1604 ex
1151 1568 1216 1604 hac
1242 1569 1443 1614 quaestione
1468 1569 1634 1604 conficio:

266 1628 424 1664 Primum
459 1629 552 1664 enim
578 1626 767 1663 Salustium
801 1628 959 1662 nostrum
986 1638 1005 1662 a
1029 1627 1151 1673 primis
1177 1619 1429 1663 adulescentiae
1455 1626 1571 1670 annis,
1606 1638 1673 1673 quo
1699 1626 1756 1662 fir-

154 1686 263 1722 miore
289 1686 514 1721 fundamento
539 1686 708 1721 niteretur
733 1695 850 1721 rerum
874 1687 1053 1730 gestarum
1079 1684 1247 1731 cognitio,
1274 1684 1490 1730 philosophis
1516 1694 1651 1730 quoque
1677 1695 1756 1731 ope-

150 1754 227 1781 ram
259 1744 396 1781 dedisse
432 1743 522 1779 inter
556 1753 683 1789 eosque
717 1743 803 1779 duce
834 1745 872 1777 ιιι
897 1742 1032 1778 videtur
1058 1744 1093 1778 et
1118 1742 1257 1778 doctore
1281 1741 1419 1785 Atteio,
1455 1742 1509 1778 cui
1534 1742 1601 1788 ipsi
1625 1740 1751 1788 Empe·

151 1802 267 1839 docles
293 1814 356 1849 pro
382 1802 476 1838 varia
501 1813 563 1837 sua
587 1800 837 1847 multiplicique
864 1801 1019 1836 doctrina
1045 1811 1180 1836 summo
1206 1811 1308 1847 opere
1333 1801 1548 1847 probaretur,
1575 1800 1611 1835 in
1631 1800 1754 1847 Empe-

151 1860 259 1897 doclis
297 1860 492 1906 praeceptis
530 1859 751 1905 potissimum
788 1858 1026 1904 conquievisse
1063 1859 1265 1904 putaverim.
1325 1857 1457 1894 Deinde
1492 1857 1680 1894 Salustium
1717 1860 1757 1893 ut

150 1917 352 1955 Ciceronem
376 1918 526 1961 Aratea,
566 1917 765 1954 Lucretium
791 1916 979 1963 Epicurea,
1018 1916 1067 1951 ita
1092 1915 1321 1962 Empedoclea
1355 1918 1559 1962 praecepta,
1598 1916 1633 1951 id
1664 1915 1755 1962 quod

150 1976 223 2013 fere
256 1976 363 2011 moris
389 1975 497 2011 fuisse
524 1975 678 2018 videtur,
714 1974 830 2010 latinis
856 1974 1012 2011 versibus
1039 1976 1098 2009 aut
1123 1974 1334 2020 expressisse
1360 1976 1420 2009 aut
1445 1984 1485 2011 ea
1511 1974 1754 2019 experimendo

148 2033 343 2070 exercuisse
368 2032 547 2080 ingenium
573 2032 855 2068 existimaverim.
906 2032 1083 2077 Denique,
1120 2042 1199 2067 cum
1224 2032 1266 2066 iis
1293 2032 1416 2067 studiis
1443 2042 1480 2066 se
1506 2042 1585 2066 cum
1611 2030 1753 2076 Nigidio

150 2091 277 2139 Figulo
311 2091 421 2138 iisque
456 2090 708 2135 coniunxisset,
744 2090 804 2137 qui
836 2089 939 2126 huius
974 2089 1126 2134 hominis
1162 2088 1354 2126 doctissimi
1379 2099 1504 2125 nomen
1530 2089 1603 2125 suis
1630 2087 1753 2124 studiis

263 2238 286 2275 ¹)
307 2238 341 2267 cf.
364 2237 440 2265 Serv.
462 2236 494 2263 ad
515 2234 595 2272 Vei-g.
616 2235 671 2265 Eoi,
692 2236 730 2264 vl.
756 2234 801 2264 51.

262 2285 285 2323 ⁹)
306 2285 389 2313 Lubk.
411 2294 433 2312 s.
455 2294 479 2313 v.
501 2283 691 2321 Empedocles,
712 2284 754 2311 Fr.
771 2283 837 2311 Guil.
851 2283 917 2320 Aug.
937 2280 1104 2319 Mullachius,
1125 2282 1282 2321 Fragmenta
1294 2283 1521 2321 Philosophorum
1536 2283 1708 2313 Graecorum.
1732 2279 1754 2312 1.

148 2331 264 2363 Parisiis.
290 2332 379 2363 Didot.
400 2332 565 2361 MDCccnx.
602 2332 708 2360 Eduard
728 2332 843 2366 Baltzer,
863 2332 1051 2369 Empedocles.
1092 2333 1201 2370 Leipzig
1220 2332 1371 2369 Eigendorf
1389 2333 1472 2363 1879.

264 2379 289 2420 ⁹)
310 2380 410 2410 Invect.
433 2380 459 2408 in
480 2380 533 2409 Sal.
555 2380 582 2412 5,
604 2380 650 2408 14.
670 2380 703 2408 cf.
724 2380 808 2408 Teuff.
829 2380 859 2408 R.
880 2380 908 2408 1..
930 2380 966 2407 11¹
987 2381 1051 2416 196,
1072 2381 1096 2408 1.

265 2430 289 2468 Δ)
311 2430 365 2459 Cic.
387 2430 414 2458 in
434 2427 491 2457 vat.
514 2430 540 2463 6,
562 2428 608 2457 14.

261 2476 284 2516 ⁶)
304 2477 390 2507 Teuff.
411 2478 441 2506 R.
462 2478 491 2506 1..
512 2476 549 2505 ιι*
569 2477 633 2512 196,
655 2478 737 2506 1-8,

202 2520 204 2523 ’
263 2524 289 2565 ·)
311 2527 345 2556 de
366 2536 393 2556 n.
416 2526 442 2557 d.
465 2527 490 2561 1,
511 2526 557 2562 12,
579 2525 626 2553 20.

260 2576 283 2614 ⁷)
304 2577 331 2605 in
352 2576 410 2606 Vnt.
433 2575 479 2611 16,
501 2576 546 2604 59.

259 2625 283 2662 ')
304 2634 354 2663 pro
376 2625 449 2654 Sest.
474 2625 519 2660 65,
541 2625 605 2652 135.
627 2624 660 2652 cf.
687 2625 739 2652 Att.
762 2622 789 2657 2,
812 2624 841 2657 9,
862 2621 886 2651 Ξ.
