1873 2859
130 186 245 246 minus
274 196 482 255 permanere
518 201 554 237 in
592 201 797 248 magistratu
837 205 872 239 et
906 202 960 238 ius
998 202 1111 238 dicere
1145 212 1251 238 3118118
1291 201 1413 237 iterata
1450 202 1483 237 vi
1507 213 1527 238 a
1551 201 1713 239 tribunali

66 281 78 299 x,
129 249 294 308 depulsus
318 250 412 294 domi
435 268 473 294 se
497 257 636 294 inclusit
658 258 982 307 multitudinemque
1005 259 1109 296 biduo
1132 261 1211 305 post
1235 260 1357 305 sponte
1396 260 1432 295 et
1462 258 1551 294 ultra
1589 258 1718 295 conflu-

68 320 247 358 *ventem
280 318 315 352 et
346 317 386 351 ut
416 327 571 366 ipsorum
595 316 745 353 brachiis
782 320 817 354 et
853 318 957 355 armis
994 328 1077 354 usus
1110 319 1249 354 senatus
1283 315 1514 363 arrogantiam
1545 317 1716 354 minueret

131 374 344 420 flagitantem
381 374 601 419 compescuit.
636 373 733 418 Quod
766 385 843 411 cum
875 377 1012 422 praeter
1045 374 1238 421 opinionem
1275 374 1456 416 evenisset,
1494 376 1632 409 senatus
1667 374 1710 413 ob

131 428 278 468 eundem
302 431 438 466 coetum
462 430 622 467 festinato
647 433 784 467 coactus
808 433 937 479 gratias
962 432 994 468 ei
1018 442 1080 478 per
1115 432 1282 478 primores
1320 431 1411 466 viros
1446 431 1517 476 egit
1555 431 1717 467 accitum·

130 486 196 536 que
220 487 257 524 in
282 486 412 524 curiam
438 490 473 525 et
497 488 718 535 amplissimis
742 490 855 527 verbis
881 488 1118 526 collaudatum*
1133 489 1168 525 in
1192 489 1368 535 integrum
1392 487 1544 523 restituit
1558 488 1595 533 ¹).

241 544 299 580 Ad
333 544 423 582 hanc
458 544 612 582 Caesaris
644 547 914 584 moderationem
947 549 1050 600 atqu-e
1082 546 1308 582 constantiam
1334 547 1387 591 (ut
1410 544 1559 592 Hellwig
1591 556 1625 591 p.
1650 546 1714 592 29)

65 591 68 593 ’
110 595 320 638 'rettulerim
345 612 395 644 ea,
421 612 508 648 quae
533 613 637 649 supra
661 604 710 649 (in
734 603 803 641 fine
816 614 889 651 cap.
903 604 978 650 VI.)
1002 603 1199 646 memoravi,
1226 604 1330 639 verba
1355 602 1454 648 epist.
1480 602 1523 637 ΙΙ.
1547 603 1590 638 ad
1614 601 1710 638 0368.

81 691 96 705 ,,
128 661 163 703 2,
189 659 231 696 4;
262 659 317 702 „in
340 661 500 706 praetura
516 659 733 698 inimicorum
757 673 852 698 arma
882 661 1023 699 inermis
1056 661 1212 697 disiecit“
1239 663 1274 697 et
1300 661 1331 703 1,
1356 660 1398 697 4:
1429 659 1484 703 „in
1518 661 1551 695 te
1575 661 1712 706 praeter

129 718 262 755 ceteras
287 718 396 753 artem
422 728 525 753 unam
550 719 689 766 egregie
713 719 905 755 mirabilem
930 719 1090 765 comperi,
1126 729 1262 764 semper
1295 718 1357 754 tibi
1390 718 1554 753 maiorem
1587 717 1623 752 in
1656 717 1714 752 ad-

129 774 237 812 versis
262 785 365 821 quam
383 774 419 811 in
435 775 594 812 secundis
611 776 714 813 rebus
731 777 884 813 animum
901 780 1007 814 esse.“
1036 776 1152 823 Atque
1168 775 1585 823 proxime'posterioribus
1602 774 1711 818 annis,

131 835 169 868 111
194 843 253 868 668
278 844 413 878 quoque
437 833 495 869 hic
521 834 715 881 adiungam,
742 834 867 871 Caesar
892 837 927 871 et
950 846 1012 881 pro
1036 836 1193 881 praetore
1219 834 1254 869 in
1286 834 1452 880 Hispania
1464 833 1494 880 ²)
1522 835 1557 869 et
1593 832 1714 869 consul

128 889 256 926 Romae
285 890 397 932 „domi
422 889 630 936 militiaeque
665 893 759 927 tanta
792 894 828 928 et
852 893 923 927 tam
954 891 1129 938 praeclara
1153 891 1304 927 facinora
1327 891 1419 931 fecit,
1445 892 1484 925 ut
1516 901 1559 925 ne
1585 889 1714 925 inimici

129 947 268 994 quidem
300 948 397 993 queri
434 948 617 994 quicquam
653 949 819 987 auderent
857 949 924 985 nisi
956 949 998 985 de
1030 948 1267 997 magnitudine
1300 948 1382 984 eius.
1399 948 1426 993 ³)
1463 947 1508 983 Et
1532 946 1711 994 conquesti

129 1006 210 1039 sunt
236 1006 277 1039 de
304 1004 457 1040 Caesaris
482 1006 729 1051 magnitudine.
777 1005 860 1041 Cato
885 1006 977 1041 enim
1001 1006 1077 1052 lege
1102 1006 1239 1041 Vatinia
1273 1006 1314 1041 de
1350 1005 1505 1041 Caesaris
1539 1004 1715 1050 provincia

63 1076 65 1078 ·
130 1063 165 1098 et
189 1061 231 1097 de
257 1060 388 1097 colonia
419 1060 525 1097 latina
557 1060 701 1098 Comum
733 1062 933 1099 deducenda
964 1061 1146 1099 Caesarem
1178 1062 1276 1108 quasi
1312 1063 1497 1108 tyrannum
1530 1060 1715 1107 acropolim

129 1121 267 1154 nactum
304 1129 379 1155 esse
404 1120 573 1164 praedixit
584 1120 616 1166 ⁴)
651 1122 685 1156 et
711 1118 829 1156 Cicero
858 1121 900 1156 de
922 1119 1077 1156 Caesaris
1103 1120 1299 1155 consulatu:
1342 1118 1567 1163 „imbec-illus,
1593 1118 1714 1164 inquit,

128 1175 206 1221 plus
227 1175 333 1211 valuit
345 1186 447 1222 quam
463 1178 533 1212 tota
557 1187 613 1212 res
631 1176 823 1222 publica“⁵)
847 1180 881 1213 et
909 1188 1084 1224 „regnum,
1111 1178 1153 1213 de
1171 1188 1238 1222 quo
1256 1176 1374 1213 aedilis
1393 1176 1570 1222 cogitarat,
1597 1174 1714 1210 consul

129 1232 362 1270 confirmavit“
379 1234 406 1280 ⁶)

241 1291 336 1326 Haec
360 1294 395 1326 et
419 1291 499 1326 talia
525 1303 603 1327 cum
627 1293 760 1328 videret
784 1295 819 1329 et
842 1294 975 1329 audiret
1000 1290 1167 1328 Salustius
1192 1292 1228 1327 in
1253 1292 1326 1327 dies
1352 1293 1481 1327 maiore
1504 1290 1659 1326 Caesaris
1676 1292 1712 1326 et

127 1346 344 1393 popularium
369 1348 482 1384 studio
506 1350 545 1384 ut
569 1360 588 1385 a
612 1349 805 1386 litterarum
829 1350 943 1386 studio
968 1351 1003 1386 et
1026 1349 1191 1385 historiae
1205 1349 1404 1385 scribendae
1430 1347 1571 1383 consilio
1588 1347 1713 1383 abduc-

129 1407 184 1440 tus
222 1405 271 1440 ita
303 1406 346 1441 ad
382 1416 456 1441 rem
487 1405 659 1452 publicam
696 1408 942 1453 capessendam
975 1409 1010 1442 et
1041 1407 1266 1453 magistratus
1304 1406 1512 1452 appetendos
1544 1405 1712 1440 adductus

129 1472 204 1498 esse
228 1463 399 1509 putandus
425 1465 486 1500 681.

241 1519 401 1558 Ceterum
426 1532 507 1559 suae
532 1521 660 1569 gloriae
685 1533 754 1558 non
777 1522 909 1559 minore
935 1532 1037 1569 quam
1055 1521 1209 1558 Caesaris
1235 1521 1347 1557 studio
1372 1521 1415 1556 ad
1439 1531 1514 1556 rem
1538 1518 1710 1567 publicam

127 1576 235 1613 latum
268 1589 354 1622 esse,
390 1579 449 1624 qui
487 1580 606 1625 quanti
647 1579 768 1616 fecerit
799 1580 945 1627 gloriam
976 1580 1195 1625 reputaverit,
1242 1578 1340 1614 facile
1373 1578 1560 1625 intelleget.
1601 1577 1712 1621 Quare

127 1635 243 1671 nescio
280 1646 323 1671 an
355 1634 412 1671 his
453 1636 562 1679 annis,
603 1637 661 1683 qui
691 1637 845 1684 proxime
878 1637 987 1673 secuti
1020 1639 1101 1672 sunt
1131 1636 1398 1672 coniurationem
1433 1634 1608 1677 Catilinae,
1635 1644 1712 1669 eam

127 1692 238 1739 ipsam
272 1694 550 1738 coniurationem,
588 1697 628 1730 ut
664 1694 849 1731 historicae
883 1695 966 1730 artis
999 1693 1144 1741 gloriam
1175 1695 1365 1740 quaereret,
1400 1693 1612 1739 perscribere
1647 1691 1713 1727 sibi

127 1751 352 1798 proposuerit,
379 1752 440 1789 sed
456 1763 536 1789 cum
560 1753 730 1800 imprimis
755 1753 900 1789 arduum
924 1752 960 1788 id
984 1752 1051 1789 sibi
1074 1752 1247 1789 videretur
1272 1761 1346 1787 6886
1363 1751 1405 1786 118
1419 1750 1559 1797 quidem
1583 1751 1713 1796 tempo-

127 1801 222 1844 ribus
246 1819 357 1855 neque
382 1810 448 1846 sibi
473 1811 606 1846 animus
624 1814 748 1848 esseta
763 1811 914 1858 partium
939 1811 1052 1846 studio
1077 1809 1163 1847 liber
1188 1812 1223 1845 61
1247 1812 1379 1846 6616168
1404 1808 1566 1856 partium]
1586 1807 1711 1851 studio,

127 1867 432 1913 quodvscripturus
458 1870 560 1910 esset,
585 1879 654 1904 11611
678 1869 767 1906 111816
792 1869 1031 1905 aestimaturos
1055 1869 1211 1913 putaret,
1246 1877 1286 1903 eo
1311 1866 1424 1902 studio
1448 1868 1549 1912 atque
1575 1865 1712 1910 incepto

128 1925 255 1961 omisso
267 1925 322 1977 =ad
345 1925 396 1973 rei
419 1925 575 1971 publicae
599 1926 752 1962 studium
776 1937 813 1964 se
838 1925 1030 1963 contulerit.
1056 1925 1164 1971 quue
1189 1926 1224 1961 et
1241 1935 1282 1961 ex
1299 1924 1406 1970 ipsius
1424 1922 1549 1959 Salusti
1566 1921 1712 1968 verbis⁷)

128 1983 163 2018 et
192 1992 233 2018 ex
266 1984 424 2018 accurata
457 1985 492 2019 et
520 1993 699 2019 causarum
728 1985 763 2019 et
794 1994 910 2019 rerum
951 1983 1144 2030 cognitione
1190 1985 1225 2017 et
1269 1982 1463 2017 narratione
1503 1979 1711 2025 collegerim,

128 2049 231 2084 quam
263 2040 354 2076 unde
379 2040 558 2086 acceperit,
596 2041 663 2076 nisi
704 2039 835 2088 aliquos
886 2031 953 2077 sibi
990 2040 1256 2076 commentarios
1298 2038 1452 2080 confecit,
1493 2037 1549 2072 vix
1598 2038 1714 2082 potest

127 2095 290 2144 intellegi.
343 2097 411 2133 Sed
465 2108 544 2133 cum
588 2109 699 2144 neque
743 2098 960 2145 improbandi
1000 2108 1110 2144 neque
1154 2097 1320 2144 probandi
1362 2096 1444 2131 satis
1486 2094 1585 2130 firma
1626 2093 1712 2129 mihi

204 2223 226 2260 ι)
247 2223 322 2252 Suet.
343 2223 418 2253 Caes.
442 2225 476 2252 16
498 2224 602 2261 Bipont.
1041 2234 1048 2241 -

203 2269 226 2308 ²)
247 2271 443 2309 Liv.perioch.
464 2272 527 2300 105.
558 2272 622 2301 Bell.
643 2272 782 2310 111811.ἆὲ
801 2271 891 2310 Lange
911 2273 948 2300 111.
970 2273 1033 2300 Ξ69

175 2317 484 2357 nuptialem.
505 2320 531 2355 2,
552 2320 578 2348 4.

201 2365 226 2405 ⁴)
245 2367 313 2397 ΡΜ-
333 2368 389 2397 0²²·
409 2377 472 2397 mm·
492 2369 543 2396 55·
569 2369 780 2415 προλέγοντος
790 2368 960 2411 Κάτωνος,
974 2382 1020 2408 ως
1032 2370 1076 2408 εἰς
1091 2364 1267 2414 ακρόπολιν
1283 2366 1339 2403 τον
1357 2366 1515 2416 τύραννον
1531 2363 1624 2405 αυτοὶ
1641 2368 1713 2409 «αἲξ

126 2413 249 2449 ἑαυτῶν
267 2405 399 2460 ψηφοις
424 2415 597 2462 ἱδρυουσιν.

202 2470 228 2510 ·)
248 2473 281 2502 nd
301 2474 353 2502 111
374 2475 402 2509 1,
422 2474 448 2509 9,
469 2474 495 2504 5.

200 2519 225 2558 ⁶)
245 2520 299 2550 cic.
320 2521 413 2560 fragm.
433 2531 460 2559 p.
481 2522 536 2550 24⁹
557 2522 643 2552 Klotz.

202 2568 226 2606 ¹¹)
245 2568 273 2598 C.
293 2569 320 2605 4,
341 2570 370 2599 2:
398 2580 428 2599 »ι
449 2579 503 2607 quo
522 2571 632 2607 incepto
653 2571 797 2608 studioque
818 2580 861 2599 me
882 2571 990 2600 ambitio
1010 2571 1078 2600 mala
1099 2571 1271 2603 detinuerat«

1836 117 1854 134 ,l
1802 35 1850 70 ›3431-
1803 0 1835 25 ’ἔτ
