1873 2859
1691 25 1718 70 7

142 141 285 185 litterae,
310 137 451 189 perinde
476 149 516 176 ac
539 136 718 176 Italiam
741 137 833 176 fato
858 136 1021 187 temporis
1046 137 1242 178 adiectione.
1292 136 1403 186 Quare
1417 136 1455 176 in
1470 135 1578 177 altero
1594 147 1716 177 conso-

142 202 281 240 nantem
303 198 479 246 geminare
502 207 643 235 necesse
667 199 735 241 est,
761 196 904 234 alterum
928 198 961 234 vi
986 198 1134 245 quodam
1156 199 1258 234 modo
1291 209 1353 234 sua
1388 198 1588 241 crassescit,
1622 196 1716 234 nulla

141 255 372 306 parenthesi.“
421 254 520 291 Vnde
556 254 591 290 id
628 254 741 302 colligi
775 257 906 301 potest,
952 254 1103 292 vocalem
1134 255 1274 292 brevem
1306 258 1385 291 ante
1417 254 1429 291 l
1460 254 1610 291 litteram
1643 265 1714 291 non

140 314 350 362 geminatam
373 323 394 348 a
417 312 588 348 veteribus
612 312 722 358 poetis
746 323 990 360 nonnunquam
1013 312 1214 359 productam
1246 323 1322 349 esse
1347 312 1487 359 eiusque
1522 312 1573 348 rei
1609 310 1712 348 aliam

139 372 244 410 fuisse
257 380 404 414 causam,
419 380 521 418 quam
537 369 772 417 producendae
790 369 914 407 vocalis
930 370 991 406 iin
1013 369 1213 414 Italiam3
1239 372 1254 406 t
1277 371 1370 407 enim
1386 379 1576 406 consonans
1600 370 1707 412 muta,

142 440 220 466 cum
242 428 396 475 linguam
420 428 462 464 ad
487 428 606 464 dentes
631 428 851 474 apprimendo
876 439 1141 475 appressamque
1166 428 1278 464 subito
1313 426 1520 464 retrahendo
1557 426 1712 473 perficia-

142 489 196 523 tur
220 487 255 522 et
279 485 376 531 quasi
400 484 625 531 praecidatur,
651 484 803 522 vocalem
828 486 867 531 (i)
893 488 971 522 ante
996 495 1033 521 se
1057 486 1197 522 brevem
1220 486 1285 521 nisi
1309 485 1505 533 geminetur
1521 485 1711 530 producere

141 555 210 581 non
234 544 369 591 potest,
395 553 499 590 quare
524 553 568 580 ne
592 542 823 579 barbarismus
847 542 909 580 fiat
933 543 1096 591 temporis
1121 543 1309 580 adiectione
1334 544 1578 580 consonantem
1602 539 1711 589 gemi-

137 612 218 638 nare
242 611 382 638 necesse
406 612 481 637 esse
507 601 592 637 dicit
616 600 879 637 Comminianus.
929 601 958 637 L
983 605 1096 638 autem
1123 599 1364 646 semivocalis,
1380 612 1484 648 quam
1521 599 1577 637 alii
1613 598 1713 647 liqui-

137 659 217 695 dam
240 659 379 701 vocant,
417 669 496 694 cum
531 657 624 694 nulla
654 657 791 705 linguae
832 659 1050 705 appressione
1085 661 1144 694 aut
1174 659 1377 695 retractione
1409 658 1645 705 praecidatur,
1679 659 1712 695 vi

138 715 286 762 quodam
308 715 410 751 modo
434 726 496 751 sua
520 726 734 752 crassescens
758 716 908 752 vocalem
941 715 1080 753 brevem
1104 718 1182 754 ante
1207 726 1245 753 se
1276 717 1465 763 producere
1497 718 1635 763 potest,
1672 719 1712 753 ut

137 773 240 809 etiam
256 773 291 808 in
307 773 447 809 Homeri
464 773 670 809 carminibus
694 775 772 809 ante
789 772 810 807 λ
825 773 991 819 liquidam
1007 784 1075 810 non
1091 774 1300 821 geminatam
1325 774 1430 810 semel
1455 776 1490 810 et
1514 774 1709 821 septuagies

137 829 261 866 vocalis
297 830 410 866 brevis
457 830 655 876 producitur
669 830 695 875 ¹)
735 832 770 867 et
809 831 845 866 in
887 830 993 867 latino
1026 841 1183 867 sermone
1224 831 1236 866 i
1272 841 1461 867 consonans
1475 858 1484 874 ,
1525 832 1569 867 ad
1604 842 1710 878 quam

133 887 286 933 proxime
311 887 443 924 accedit
466 887 478 923 l
510 887 644 923 litterae
682 898 813 931 sonus‚-
838 887 990 925 vocalem
1015 890 1094 924 ante
1119 898 1156 924 se
1192 888 1357 934 producit.
1405 888 1460 924 Ne
1492 888 1598 936 igitur
1641 899 1711 925 non

138 943 329 979 necessaria
352 943 485 979 litterae
510 943 697 980 adiectione
721 944 952 980 barbarismus
977 944 1047 988 fiat,
1073 956 1142 981 non
1166 945 1371 991 geminanda
1394 947 1448 980 est
1471 944 1483 980 1
1507 945 1641 988 littera,
1667 948 1708 981 ut

134 1000 284 1037 vocalem
309 1002 387 1037 ante
412 1011 449 1036 se
473 1001 646 1047 producat.
695 1000 740 1036 Et
764 1011 840 1037 eam
864 1012 1001 1038 causam
1025 1001 1131 1038 fuisse
1164 1003 1257 1048 puto,
1296 1012 1356 1037 cur
1389 1000 1608 1038 semivocales
1645 1002 1703 1038 diu

134 1070 202 1094 non
226 1058 418 1105 geminatae
443 1058 529 1101 sint,
555 1058 650 1094 cuius
674 1059 725 1095 rei
750 1059 848 1095 testis
873 1061 926 1096 est
950 1058 1187 1104 Quintilianus.
1201 1059 1228 1105 ἵ)
1276 1058 1361 1095 Cum
1392 1059 1484 1095 enim
1506 1061 1586 1106 post
1608 1058 1710 1106 sylla-

137 1117 197 1152 bas
231 1117 404 1163 porrectas
429 1118 464 1152 et
487 1115 628 1152 aliarum
653 1116 906 1153 semivocalium
931 1119 967 1153 et
990 1117 1159 1163 imprimis
1184 1116 1196 1152 l
1220 1116 1355 1153 litterae
1380 1127 1484 1153 sonus
1508 1117 1552 1153 ad
1577 1116 1702 1154 vocalis

134 1185 256 1210 sonum
279 1173 419 1220 propius
444 1185 546 1220 quam
571 1174 614 1210 ad
637 1173 788 1210 litteram
811 1176 943 1210 mutam
967 1175 1162 1218 accederet,
1201 1174 1259 1211 diu
1295 1173 1428 1210 vocales
1465 1185 1569 1221 quam
1605 1175 1707 1211 semi-

134 1231 267 1267 vocales
290 1232 465 1278 geminare
490 1231 693 1268 maluerunt.
743 1232 811 1268 Sed
836 1231 1035 1276 Quintiliani
1060 1232 1270 1278 temporibus
1295 1232 1364 1268 iam
1387 1232 1602 1268 usitatissimi
1634 1243 1706 1269 mo-

133 1289 180 1324 ris
205 1289 310 1324 fuisse
334 1289 509 1335 geminare
535 1289 754 1325 semivocales
779 1300 821 1325 ex
845 1289 918 1325 eius
942 1289 1056 1325 verbis
1081 1288 1261 1336 colligitur.

246 1345 309 1381 His
334 1345 494 1392 quoniam
518 1357 539 1381 a
561 1356 598 1382 re
622 1346 767 1382 metrica
790 1347 834 1382 ad
857 1346 1116 1393 grammaticam
1141 1346 1296 1382 translati
1333 1356 1470 1389 sumuS,
1507 1346 1706 1393 grammati·

131 1414 251 1438 corum
276 1404 462 1439 sententias
499 1403 720 1449 proferamus.
768 1403 884 1449 Atque
916 1403 1002 1439 haec
1039 1405 1120 1439 sunt
1154 1404 1245 1449 apud
1269 1403 1482 1440 Priscianum
1515 1404 1553 1447 I,
1590 1404 1637 1441 38
1661 1403 1704 1440 Η.

132 1459 257 1505 (Gorss.
275 1460 336 1507 Ip.
357 1461 448 1504 219):
463 1460 491 1496 L
508 1459 749 1506 triplicem,
764 1462 803 1496 ut
818 1459 929 1497 Plinio
942 1460 1086 1503 videtur,
1104 1471 1226 1496 sonum
1238 1460 1360 1496 habet:
1376 1459 1549 1502 exilem,
1568 1461 1704 1506 quando

129 1518 323 1564 geminatur
355 1519 503 1554 secundo
528 1517 601 1554 loco
625 1518 746 1563 posita,
772 1520 811 1554 ut
844 1517 945 1561 ,‚ille“
980 1517 1197 1562 „Metellus“,
1230 1517 1437 1568 plenum„
1453 1518 1591 1565 qnando
1627 1517 1705 1554 finit

131 1575 268 1612 nomina
293 1575 345 1612 vel
370 1575 517 1623 syllabas
542 1577 577 1612 et
601 1575 736 1622 quando
762 1574 910 1623 aliquam
925 1575 1032 1612 habet
1056 1577 1135 1613 ante
1160 1586 1197 1612 se
1215 1576 1335 1613 eadem
1359 1575 1492 1622 syllaba
1514 1586 1703 1612 consonan-

130 1634 221 1675 tem,
247 1635 285 1668 ut
310 1633 394 1676 ,‚sol,
420 1633 521 1676 silva,
547 1633 674 1676 flavus,
700 1633 846 1676 clarus“,
870 1633 1061 1670 medium
1093 1633 1129 1669 in
1166 1633 1251 1677 aliis,
1289 1635 1328 1669 ut
1364 1633 1525 1677 ,‚lectum,
1558 1632 1700 1670 lectus.“

129 1687 282 1733 Quocum
300 1690 459 1725 convenit
474 1689 644 1727 Martiano
661 1689 815 1735 Capellae
832 1690 868 1725 in
884 1690 936 1732 iis,
962 1701 1048 1736 quae
1065 1690 1203 1736 scripsit
1215 1691 1261 1735 (p.
1280 1691 1336 1733 59,
1361 1691 1503 1727 26-33
1520 1683 1701 1736 Eysenh.):

128 1745 156 1781 L
181 1757 263 1783 uero
286 1747 401 1784 littera
426 1746 604 1793 tripliciter
629 1746 737 1783 sonat.
786 1747 878 1784 Nam
894 1746 1016 1784 exilem
1041 1757 1163 1784 sonum
1186 1747 1308 1790 reddit,
1334 1757 1412 1783 cum
1435 1746 1640 1794 geminatur,
1665 1749 1705 1782 ut

128 1803 281 1847 ‚,sollers,
308 1804 522 1846 Sallustius“,
535 1804 687 1839 medium
700 1807 824 1846 autem,
838 1815 917 1840 cum
930 1805 1091 1840 terminat
1114 1805 1262 1846 nomina,
1287 1807 1327 1839 ut
1351 1804 1460 1847 ,‚sol,
1487 1804 1588 1847 sal‚“
1618 1805 1703 1840 item

123 1860 248 1898 leniter
273 1864 380 1906 sonat,
407 1872 484 1898 eum
509 1860 643 1898 uocales
668 1861 850 1905 anteuenit,
876 1863 915 1897 ut
939 1860 1067 1908 „lapis,
1091 1860 1208 1908 lepus,
1245 1860 1350 1905 liber,
1376 1860 1489 1904 locus,
1526 1860 1699 1904 lucerna‘·

126 1918 264 1963 plenum
288 1929 371 1954 uero
395 1929 517 1954 sonum
540 1918 663 1961 habet,
690 1929 768 1954 cum
791 1919 823 1955 ei
846 1919 1085 1964 praeferuntur
1120 1919 1254 1955 litterae
1290 1919 1328 1961 P,
1367 1918 1407 1961 G,
1442 1917 1478 1961 O,
1514 1918 1556 1961 F,
1593 1921 1632 1954 ut
1665 1918 1701 1954 in

128 1975 280 2019 ‚,Plauto‚
305 1975 426 2023 glebis,
453 1974 602 2019 Claudio,
628 1975 748 2012 flauo.“
783 1975 835 2011 Ex
858 1975 914 2011 his
938 1975 1044 2023 igitur
1067 1975 1368 2023 grammaticorum
1393 1974 1596 2011 testimoniis
1621 1985 1700 2011 con-

126 2033 239 2069 fic1tur
262 2033 425 2069 Martiani
450 2034 587 2079 quidem
612 2033 821 2079 temporibus
847 2033 992 2077 (saeculo
1028 2033 1071 2069 V.
1108 2044 1139 2079 p.
1168 2032 1257 2076 Chr.)
1296 2032 1493 2069 Sallustium
1526 2032 1701 2079 geminata

125 2089 136 2125 l
163 2090 266 2126 scribi
293 2090 432 2126 solitum
456 2101 543 2133 esse,
570 2091 630 2126 sed
654 2090 666 2126 l
690 2090 840 2126 litteram
864 2091 1012 2126 secundo
1036 2090 1110 2126 loco
1135 2090 1281 2136 positam
1298 2089 1419 2126 exilem
1445 2100 1567 2125 sonum
1584 2089 1697 2125 reddi-

126 2147 226 2183 disse.
275 2146 372 2196 Quod
389 2148 424 2184 in
449 2159 551 2184 causa
574 2147 680 2184 fuisse
703 2147 815 2194 putari
840 2149 971 2194 potest,
997 2158 1058 2184 cur
1082 2159 1102 2183 a
1125 2147 1242 2183 multis
1267 2157 1310 2183 ne
1335 2149 1408 2183 tum
1442 2147 1581 2193 quidem
1616 2146 1700 2182 scri-

125 2204 271 2240 beretur.

241 2262 337 2299 Idem
361 2263 397 2299 in
421 2274 459 2300 re
483 2263 589 2299 fuisse
613 2264 714 2309 puto,
740 2273 800 2298 cur
832 2273 942 2310 neque
979 2263 1014 2298 in
1047 2262 1120 2311 aliis
1154 2262 1263 2308 iisque
1297 2261 1404 2297 nostri
1438 2260 1606 2297 similibus
1639 2272 1699 2297 no-

124 2318 271 2355 minibus
295 2321 442 2367 propriis
468 2321 636 2367 scriptura
660 2321 725 2357 sibi
749 2322 930 2357 constaret.
956 2321 1097 2356 Varro
1110 2321 1137 2365 ³)
1163 2320 1253 2356 enim
1280 2318 1490 2362 ,‚Salentini“
1518 2319 1698 2367 scripsisse

236 2472 258 2510 ¹)
278 2473 339 2502 vide
359 2474 448 2503 Bai-tel
468 2475 641 2504 Homerische
662 2475 782 2504 Studien.
803 2474 955 2512 Sitzungsb.
978 2474 1002 2503 d.
1023 2474 1088 2503 kais.
1108 2474 1155 2502 Ak.
1175 2474 1200 2502 d.
1218 2473 1299 2502 Wiss.
1316 2473 1394 2502 Wien
1412 2473 1459 2502 Bd.
1481 2473 1517 2501 68
1537 2482 1563 2510 p,
1585 2473 1647 2501 390.

233 2519 257 2558 ¹)
278 2521 341 2550 lust.
364 2530 404 2550 or.
424 2523 449 2550 1.
473 2523 497 2556 ¹1,
520 2523 571 2551 14:
600 2523 779 2552 Semivocales
805 2523 834 2559 (f,
855 2532 908 2561 ,m,
921 2532 948 2560 n,
959 2532 979 2557 r,
988 2522 1014 2560 s)
1042 2521 1177 2560 geminare
1197 2521 1242 2550 diu
1263 2530 1318 2550 non
1345 2521 1393 2549 ruit
1419 2521 1584 2550 usitatissimi
1601 2520 1697 2557 moris,

124 2569 202 2604 atque
219 2569 388 2652 echzntrarig
410 2579 498 2647 ιΞεςιίιῗ
521 2571 553 2599 ad
574 2571 685 2602 Accium
703 2574 730 2603 et
749 2571 816 2602 ultn
832 2576 970 2612 porrectas
990 2570 1103 2612 syllabas
1123 2570 1237 2608 geminis
1247 2573 1277 2600 ut
1293 2570 1347 2603 dixi
1367 2569 1504 2603 vocalibus
1524 2569 1697 2608 scripserunt.

302 2638 307 2644 .
327 2626 348 2645 r.
388 2637 398 2654 ‚
433 2638 443 2654 ‚
