1873 2859
196 198 207 207 '‘
229 201 238 209 '
282 199 399 238 odium
422 209 465 236 ex
484 197 704 246 optimatium
730 196 972 245 Ciceronisque
997 184 1085 241 odio,
1111 195 1225 234 studio
1249 196 1403 234 Caesaris
1427 196 1592 246 modique
1620 208 1703 245 pro-

75 260 259 300 eom
308 258 428 304 Itaque
460 267 572 304 neque
594 256 739 303 Pompei
773 267 884 303 neque
918 253 1075 292 'Caesam
1112 256 1285 303 P⁰t⁶11¹⁵i⁸0
1321 256 1426 293 doem
1464 258 1564 302 atque
1601 255 1703 293 hber

116 351 120 354 .
145 315 226 366 ιοὴι
250 326 348 353 suam
370 314 602 362 gratificatum
628 324 703 351 esse
723 314 749 359 ¹)
775 313 962 350 Salustium
985 324 1096 360 neque
1131 316 1171 349 ut
1193 314 1343 360 privatas
1376 324 1455 349 eum
1477 313 1606 350 Milone
1638 313 1703 349 ini-

38 394 43 402 ·
118 374 266 414 mitian
290 373 327 410 in
351 372 525 410 tribunatu
550 374 724 411 exerceret
737 371 781 420 ²),
807 372 934 409 bonum
959 371 1134 419 publicum
1158 371 1377 410 simulantem
1402 371 1452 419 (C.
1479 373 1535 416 38,
1562 373 1598 419 3)
1623 383 1702 410 eum

0 407 10 438 g
44 454 47 456 Α
116 432 279 480 petivisse
302 431 505 477 putaverim.

233 488 350 535 Atque
375 488 481 525 creati
507 489 588 524 sunt
612 487 740 524 tribuni
765 486 874 534 plebis
900 486 1048 523 comitiis
1074 486 1211 523 tributis
1236 487 1337 534 paulo
1362 489 1440 523 ante
1456 487 1531 523 Kal.
1556 486 1702 524 Sextiles

119 547 203 593 anni
223 546 351 593 701153
376 546 521 582 habitis:
548 544 610 590 Qu.
636 545 820 592 Pompeius
837 545 965 588 Rufus,
993 544 1107 582 Sullae
1133 545 1308 582 dictatoris
1334 557 1376 582 ex
1400 545 1471 581 filia
1494 556 1620 593 nepos,
1655 546 1703 582 fa-

116 604 368 642 miliarissimus
392 604 430 639 P.
456 602 573 640 Clodio
598 605 633 640 et
657 605 787 639 sectam
810 603 883 639 eius
901 604 998 649 sequi
1022 613 1059 639 se
1084 603 1197 648 palam
1214 604 1389 649 professus
1406 603 1445 648 ³)
1471 603 1508 639 Τ.
1526 603 1703 639 Munatius

117 662 264 700 Plancus
287 661 410 705 Bursa,
435 661 518 697 item
539 659 678 697 Milonis
703 660 872 704 inimicus,
897 662 1014 697 noster
1038 659 1072 697 G.
1087 659 1255 697 Salustius
1281 660 1421 708 Crispus
1436 661 1476 707 ⁴),
1494 660 1543 698 M.
1570 659 1703 698 Caelius

119 720 239 763 Rufus,
273 719 544 755 studiosissimus
569 718 708 755 Milonis
727 719 765 763 ⁵),
792 718 854 762 Qu.
877 718 1039 754 Manilius
1055 718 1227 755 Cumanus
1252 719 1337 754 item
1357 718 1496 755 Milonis
1529 719 1703 755 studiosus

118 777 213 825 (Asc.
238 778 293 821 32,
319 777 364 813 25
390 776 472 819 RS),
499 775 565 820 alii,
591 787 737 822 quorum
761 775 900 811 nomina
923 776 1135 823 ignorantur.
1187 775 1401 823 Quamquam
1426 776 1517 812 enim
1542 787 1606 812 usu
1629 776 1701 812 fere

117 837 295 882 receptum
319 834 406 878 fuit,
433 836 472 871 ιιι
496 834 624 870 tribuni
648 833 757 880 plebis
782 845 851 870 non
883 834 932 870 ita
963 833 1088 871 multos
1125 834 1198 871 dies
1231 836 1310 872 ante
1355 845 1459 881 quam
1491 834 1702 871 tribunatum

116 893 244 930 inirent
269 893 312 938 (a.
339 893 371 928 d.
401 891 474 927 IIII
504 891 555 927 Id.
583 891 680 936 Dec.)
706 893 903 927 crearentur
917 891 956 936 ⁶),
994 893 1109 927 tamen
1144 894 1183 927 ιιι
1219 902 1307 927 anno
1339 892 1492 938 proxime
1529 891 1703 938 superiore

89 976 91 978 -
117 950 278 998 (700154)
304 960 333 986 a.
359 950 392 985 d.
430 949 462 985 V
490 948 563 985 Kal.
597 948 688 985 Sext.
714 949 762 985 ita
802 948 868 985 hoc
902 960 989 986 anno
1026 948 1183 996 (701153)
1215 960 1333 986 mense
1370 948 1511 994 Quintili
1547 949 1703 987 tribunos

120 1009 253 1046 creatos
277 1018 354 1043 esse
379 1018 458 1042 cum
483 1007 618 1042 aliunde
635 1006 662 1051 ⁷)
688 1009 762 1042 tum
781 1017 823 1042 ex
840 1007 960 1042 Dionis
978 1007 1074 1043 Cassi
1097 1007 1155 1043 lib.
1181 1008 1238 1050 40,
1264 1008 1321 1050 45,
1348 1009 1371 1043 2
1396 1006 1577 1053 colligitur.
1607 1007 1703 1042 Haec

116 1065 209 1103 enim
232 1064 355 1101 habet:
380 1061 437 1098 καὶ
449 1062 524 1098 οὐδ’
538 1058 670 1098 ἅντότε
684 1059 827 1110 (ἑβδίμῳ
846 1061 925 1111 μηνὶ
946 1064 1088 1109 701153)
1113 1061 1287 1112 ᾑρέθησαν
1300 1059 1351 1110 (οἱ
1363 1060 1494 1099 ὕπατοι
1507 1064 1542 1100 in
1556 1065 1704 1100 eundem

117 1133 245 1159 annum
265 1122 418 1168 701153),
439 1117 471 1156 εἰ
494 1120 544 1168 μή
567 1120 715 1163 Κύιντός
739 1133 778 1155 τε
803 1120 993 1169 Πομπήιος
1019 1120 1039 1156 ὁ
1062 1120 1212 1169 Ῥοῦφος
1237 1121 1275 1163 ἐς
1308 1121 1350 1156 τὸ
1374 1120 1608 1169 δεσμωτήριον
1631 1120 1704 1156 ὑπό

115 1179 178 1228 τῆς
192 1178 322 1227 βουλῆς
336 1175 395 1213 καί
408 1190 464 1213 τοι
475 1179 537 1212 τοῦ
558 1190 596 1213 τε
608 1177 741 1212 Σύλλου
762 1177 993 1225 θυγατριδοῦς
1017 1173 1064 1212 ὢν
1088 1177 1161 1213 καὶ
1186 1178 1424 1227 δημαρχῶν
1448 1178 1626 1226 ἐνεβλήθη
1647 1176 1706 1213 καὶ

116 1237 221 1273 τοῦτο
242 1234 300 1272 καὶ
315 1236 391 1279 τοῖς
408 1231 525 1279 ἄλλοις
548 1236 624 1278 τοῖς
647 1232 875 1284 κακουργῆσαί
897 1248 933 1271 τι
952 1233 1163 1284 ἒθελήσασιν
1182 1233 1378 1285 ἐψηφίσθη,
1403 1236 1452 1283 τῷ
1468 1235 1507 1271 δε
1526 1232 1704 1285 Πομπηίῳ

116 1295 139 1343 ἦ
163 1295 252 1342 πρὸς
273 1294 396 1336 αὐτοὺς
420 1293 575 1341 βοήθεια
598 1290 822 1341 ἐνεχειρίσθη.
854 1293 940 1329 Οιιιιι
956 1294 1048 1330 enim
1074 1296 1145 1330 toto
1160 1295 1233 1340 fere
1259 1306 1347 1330 anno
1374 1294 1502 1342 700154
1519 1295 1705 1331 accusatio-

116 1353 217 1389 nibus
231 1353 433 1399 consumpto
448 1352 546 1388 initio
559 1352 639 1388 anni
653 1352 780 1399 701153
793 1363 849 1388 res
863 1352 906 1388 ad
919 1352 1157 1399 interregnum
1170 1353 1327 1396 redisset,
1351 1352 1453 1389 huius
1469 1352 1549 1389 anni
1563 1353 1702 1395 tribuni,

118 1421 196 1447 eum
213 1410 311 1446 alteri
327 1410 482 1458 tribunos
502 1408 651 1445 militum
665 1409 834 1445 consulari
850 1411 1020 1455 potestate
1034 1410 1151 1453 creari,
1168 1409 1264 1446 alteri
1283 1410 1485 1456 Pompeium
1502 1410 1705 1446 dictatorem

118 1467 184 1504 diei
209 1466 352 1510 vellent,
379 1466 517 1503 comitia
534 1466 725 1503 consularia
738 1466 866 1503 habere
883 1477 991 1513 usque
1008 1467 1051 1502 ad
1068 1478 1223 1503 mensem
1241 1467 1426 1511 Quintilem
1442 1467 1702 1513 prohibuerunt.

117 1524 244 1571 Neque
269 1524 416 1571 septimo
441 1535 560 1560 mense
594 1524 699 1560 creati
732 1526 848 1560 essent
872 1524 1052 1567 consules,
1090 1525 1157 1560 nisi
1182 1524 1243 1568 Qu.
1268 1525 1451 1570 Pompeius
1476 1524 1606 1568 Rufus,
1645 1525 1705 1571 qui

118 1581 154 1617 G.
181 1581 292 1617 Lucili
315 1581 411 1617 Hirri
436 1583 471 1617 et
498 1581 547 1616 M.
574 1580 665 1617 Caeli
690 1581 860 1617 Viniciani
886 1581 1102 1618 tribunorum
1133 1582 1346 1628 rogationem
1380 1582 1423 1617 de
1455 1582 1621 1618 dictatore
1654 1582 1704 1617 di-

119 1639 227 1676 cendo
257 1640 421 1682 suaserat,
448 1639 484 1675 in
508 1637 643 1675 vincula
667 1638 850 1683 coniectus,
879 1639 915 1676 in
949 1640 1082 1676 ceteros
1116 1638 1329 1676 turbulentos
1368 1634 1460 1677 idem
1498 1639 1703 1683 consultum,

117 1696 279 1742 Pompeio
304 1698 443 1732 senatus
469 1695 623 1731 consulto
649 1696 768 1731 ultimo
793 1706 928 1731 summa
944 1707 1000 1732 res
1012 1696 1149 1742 publica.
1162 1696 1344 1732 commissa
1361 1699 1454 1733 esset
1478 1697 1526 1739 (L.
1542 1697 1594 1732 III
1607 1697 1702 1741 351).

123 1752 188 1798 Qui
213 1764 291 1789 cum
316 1753 462 1789 dictator
487 1753 554 1789 dici
578 1755 762 1796 recusaret,
789 1754 936 1789 comitiis
961 1754 1004 1790 ab
1029 1754 1201 1801 interrege
1226 1754 1353 1791 habitis
1379 1755 1442 1791 sub
1467 1754 1572 1798 finem
1608 1764 1704 1790 men-

121 1810 169 1846 sis
196 1809 356 1855 Quintilis
368 1810 396 1855 Β)
422 1810 579 1847 consules
604 1811 709 1846 creati
734 1813 815 1846 sunt
839 1810 898 1847 Gn.
922 1811 1093 1847 Domitius
1118 1811 1277 1847 Calvinus
1301 1812 1350 1848 M.
1371 1811 1527 1848 Valerius
1544 1811 1704 1848 Messala.

120 1866 230 1904 Rufus
256 1869 381 1912 autem,
408 1867 437 1904 si
462 1868 614 1904 nondum
649 1870 723 1905 erat
754 1868 953 1916 designatus
987 1869 1144 1905 tribunus
1173 1869 1302 1916 plebis,
1338 1880 1358 1905 a
1390 1868 1499 1906 Dione
1523 1868 1705 1917 δημαρχῶν
1744 1863 1754 1875 “

121 1924 188 1960 dici
212 1936 281 1961 non
297 1925 426 1971 potuit,
452 1925 483 1960 si
507 1926 747 1972 magistratum
772 1926 841 1961 iam
865 1926 1053 1972 ingressus,
1087 1927 1122 1962 in
1160 1926 1294 1962 vincula
1327 1927 1435 1963 conici
1467 1938 1536 1962 non
1573 1926 1701 1962 debuit.

120 1980 213 2029 Ergo
238 1982 368 2019 tributa
393 1982 531 2018 comitia
555 1985 633 2019 ante
658 1982 849 2019 consularia
872 1982 991 2020 habita
1016 1994 1092 2020 esse
1116 1984 1338 2020 manifestum
1363 1985 1424 2020 est.

237 2040 362 2077 Vtrum
379 2051 460 2076 vero
476 2040 551 2083 τοῖς
568 2036 685 2083 ἄλλοις
700 2041 775 2083 τοῖς
797 2040 1027 2090 κακουργῆσαι
1043 2039 1235 2090 ε’θελήσασι
1253 2041 1439 2079 Salustium
1457 2044 1491 2078 et
1507 2041 1702 2079 Munatium

120 2095 203 2132 item
229 2097 428 2144 designatos
454 2098 609 2133 tribunos
635 2097 880 2144 significaverit
904 2098 979 2141 Dio,
1006 2110 1049 2134 an
1086 2099 1169 2135 alios
1207 2099 1431 2141 turbulentos,
1469 2110 1537 2134 non
1574 2099 1703 2145 liquet3

120 2163 231 2200 neque
256 2155 343 2201 quid·
362 2154 444 2190 mali
469 2154 592 2191 facturi
609 2155 746 2199 fuerint,
773 2155 985 2202 exploratum
1010 2158 1073 2199 est,
1099 2156 1166 2192 nisi
1191 2157 1293 2203 quod,
1320 2167 1398 2192 cum
1415 2150 1557 2202 Pompei
1584 2158 1703 2192 contra

58 2214 60 2216 ’
121 2220 179 2246 eos
204 2212 367 2249 auxilium
391 2212 650 2259 imploraretur,
689 2213 843 2250 tribunos
867 2213 1016 2250 militum
1050 2214 1208 2250 videntur
1245 2214 1357 2250 dicere
1395 2212 1553 2250 voluisse.
1606 2213 1704 2258 Quod

197 2297 219 2332 ι)
239 2299 294 2336 lug.
315 2300 341 2334 3,
361 2300 388 2328 4.
410 2299 444 2327 D³
466 2300 548 2336 praei.
569 2309 595 2336 p.
617 2300 645 2329 3.

198 2345 221 2382 ²)
242 2346 326 2376 Cless.
350 2357 375 2385 p.
397 2347 462 2376 2³8.

196 2393 222 2431 ⁸)
242 2395 303 2424 Aac.
324 2404 350 2432 p.
372 2396 404 2424 51
429 2396 458 2424 B.
479 2396 525 2430 4³,
546 2395 565 2423 4
584 2395 634 2424 KS.

195 2441 220 2479 ⁴)
239 2443 301 2473 Asc.
322 2444 367 2479 57,
388 2444 434 2472 ιε.
455 2444 500 2478 as,
521 2444 557 2472 zo
577 2444 629 2473 xs.

197 2487 221 2525 ε)
240 2490 302 2517 Asc.
323 2491 370 2525 29,
390 2492 436 2520 ιε.
458 2491 503 2526 50,
524 2492 550 2519 e.
572 2492 616 2526 ιιι,
637 2492 680 2519 27.
702 2492 746 2523 29.
768 2492 811 2526 52,
834 2491 878 2519 2⁵.
899 2492 944 2526 as,
965 2492 996 2519 ιι
1022 2491 1072 2519 xs.

198 2534 221 2573 ⁸)
241 2536 325 2567 Liibk.
346 2548 368 2569 s.
388 2548 413 2568 v.
434 2538 555 2568 tribunus
576 2540 601 2568 5.
621 2548 648 2577 p.
670 2539 752 2569 1038.

199 2583 223 2621 ’)
244 2585 324 2624 tang.
345 2587 385 2623 m,
404 2596 430 2625 p.
451 2588 505 2616 358
526 2591 554 2616 ot
574 2588 638 2616 551.

196 2631 220 2669 ⁹)
240 2633 283 2663 ulii
302 2634 406 2672 Aprilis,
427 2638 456 2664 ut
474 2635 549 2665 Halm
568 2636 595 2665 in
615 2636 759 2666 memorab.
780 2636 925 2666 vitae-Cic.
946 2637 973 2665 in
994 2646 1054 2666 ann.
1076 2637 1144 2666 701.

307 107 448 190 nundin
471 149 551 179 eum
574 139 721 176 iuvando
745 139 811 176 sibi
835 140 879 177 et
886 137 1026 176 caesari
1048 137 1213 186 prodesse
1230 138 1296 176 sibi
1320 139 1503 176 videretur.
1541 138 1702 176 Accessit
1776 116 1782 129 ἴ
