1873 2859
176 46 222 91 16

175 160 289 197 hibuit
312 172 459 208 eumque
484 173 553 197 non
586 159 678 197 omni
711 163 905 208 suspicione
939 163 1167 209 superiorem,
1206 174 1366 201 accusare
1400 167 1535 211 patrem
1570 166 1756 210 videamur,

176 218 225 255 M.
251 218 341 255 Caeli
368 219 563 266 exemplum
595 222 732 266 praesto
757 222 828 264 est,
855 220 913 267 qui
946 231 1153 267 quamquam
1186 231 1321 257 summa
1353 223 1461 269 patris
1500 223 1676 272 diligentia
1709 224 1759 261 di-

175 276 385 323 sciplinaque
402 278 535 314 munita
565 278 729 314 educatus
755 280 871 315 tamen
894 278 1041 325 posteris
1066 278 1164 315 annis
1189 279 1224 315 in
1249 279 1331 316 vitia
1356 280 1515 329 delapsus
1549 293 1624 320 esse
1656 284 1754 330 puta-

176 335 231 368 tur
247 334 285 378 ι).
310 334 373 369 Pia
397 335 504 381 igitur
528 336 563 370 et
588 334 744 381 diligenti
769 337 950 381 parentum
974 346 1056 370 cura
1087 336 1239 381 primum
1263 336 1454 381 Amiterni,
1481 339 1603 375 deinde
1627 339 1756 375 Romae

174 391 357 428 educatum
382 394 484 439 atque
509 392 681 429 eruditum
706 403 782 430 esse
807 391 991 429 Salustium
1017 392 1193 438 existimo;
1219 393 1343 441 quibus
1368 397 1483 433 autem
1506 406 1590 433 usus
1615 396 1661 433 sit
1687 407 1759 434 ma-
1792 381 1799 391 ⁵

173 448 293 494 gistris
317 448 418 493 plane
442 450 629 494 ignoratur,
654 450 722 484 nisi
747 451 838 495 quod
862 461 904 486 ex
928 451 1001 485 eius
1026 451 1096 485 vita
1119 453 1155 486 et
1178 451 1316 496 seriptis
1341 452 1449 488 conici
1473 456 1587 498 potest
1624 464 1683 490 eos
1723 456 1759 489 et

145 506 147 510 ’
174 504 318 541 scientia
341 505 585 552 praecellentes
611 508 646 543 et
684 505 861 554 diligentia
892 516 988 543 acres
1021 508 1056 543 et
1091 506 1245 543 assiduos
1278 506 1392 544 fuisse.
1440 507 1561 556 Itaque
1586 508 1755 546 Salustius

174 565 210 598 et
232 564 476 609 grammaticas
500 575 556 599 res
581 564 668 600 bene
694 565 834 599 edoctus
860 567 895 600 et
918 565 954 599 in
977 564 1159 600 rhetoricis
1184 565 1399 609 exercitatus,
1426 567 1510 612 quin
1526 568 1631 604 etiam
1647 567 1758 614 philo-

174 619 327 666 sophiae,
352 620 575 666 geometriae,
602 620 839 663 astronomiae,
865 621 1029 663 musices,
1064 631 1151 666 quae
1184 623 1274 656 artes
1311 623 1386 657 tum
1412 623 1465 670 *ad
1498 624 1758 669 grammaticam

175 680 210 715 et
233 677 442 717 rhetoricam
466 678 633 715 accesisse
658 678 827 723 videntur,
852 678 1056 717 rudimentis
1081 678 1233 717 imbutus
1259 691 1348 717 anno
1373 679 1492 728 quinto
1516 681 1649 719 decimo
1686 681 1757 720 fere

174 738 294 770 exacto
320 735 452 771 virilem
477 738 594 782 togam
619 737 767 781 sumpsit
791 737 854 771 sub
879 736 984 771 finem
1009 738 1089 772 anni
1114 738 1208 772 urbis
1234 738 1373 784 684171.
1399 738 1618 784 Exponemus
1639 740 1758 785 igitur,

174 792 210 828 id
235 793 327 839 quod
351 792 513 840 deinceps
539 792 724 840 quaeritur,

288 915 396 974 Cap.
425 915 536 961 1111.
565 915 762 969 Qualem
792 915 1161 961 adulescentiam
1192 916 1345 974 egerit
1374 916 1643 962 Salustius?

295 1015 363 1049 Sed
379 1024 490 1058 neque
515 1013 580 1049 hac
605 1014 640 1048 in
666 1014 864 1058 quaestione
889 1016 1027 1059 praesto
1052 1017 1134 1049 sunt
1159 1017 1314 1051 veterum
1341 1015 1545 1058 testimonia,
1572 1025 1676 1061 quare
1701 1016 1757 1051 vix
1793 1038 1798 1042 .

172 1070 256 1106 certi
274 1070 459 1116 quidquam
477 1069 648 1112 statueris,
679 1069 746 1105 nisi
763 1070 853 1116 quod
871 1079 912 1105 ex
929 1079 1023 1105 more
1041 1069 1272 1105 Romanorum
1290 1072 1324 1106 et
1344 1070 1471 1106 Salusti
1495 1071 1603 1105 nostri
1628 1071 1698 1105 vita
1722 1073 1758 1107 et

172 1129 309 1174 seriptis
347 1128 542 1164 conieceris.
591 1128 707 1174 Atque
740 1139 815 1163 mos
848 1128 913 1163 fuit
947 1128 1179 1164 Romanorum
1212 1128 1255 1164 iis
1289 1128 1428 1175 quidem
1462 1128 1683 1175 temporibus,
1718 1130 1758 1164 ut

171 1188 309 1230 sumpta
326 1185 413 1219 virili
432 1188 512 1230 toga
529 1184 775 1220 adulescentuli
800 1185 881 1219 viris
906 1186 1058 1229 probatis
1085 1186 1302 1221 traderentur
1327 1188 1363 1221 et
1386 1186 1481 1231 pacis
1506 1188 1542 1221 et
1565 1185 1645 1222 belli
1671 1186 1751 1221 arti-

171 1242 236 1278 bus
262 1240 446 1277 excolendi.
497 1240 596 1277 Certe
622 1240 739 1277 Cicero
765 1240 871 1287 (Lael.
900 1241 934 1286 1)
961 1252 997 1277 80
1023 1244 1160 1288 sumpta
1184 1242 1272 1278 virili
1299 1244 1379 1289 toga
1403 1242 1560 1288 (663191)
1586 1242 1629 1278 ad
1654 1241 1754 1277 Scae-

170 1300 281 1335 volam
306 1300 491 1335 deductum
516 1310 591 1335 esse
617 1301 734 1335 narrat
764 1301 800 1336 et
822 1299 954 1335 duobus
979 1300 1078 1336 annis
1103 1302 1182 1346 post
1214 1301 1368 1346 (665189)
1408 1301 1444 1336 111
1482 1299 1570 1337 bello
1602 1299 1752 1336 Marsico

172 1357 237 1392 tiro
269 1357 334 1392 fuit
366 1357 402 1392 in
427 1356 487 1392 Cn.
514 1356 656 1403 Pompei
681 1356 859 1393 Strabonis
893 1368 985 1393 cons,
1024 1357 1186 1393 exercitu.
1236 1357 1335 1395 Idem
1370 1357 1488 1394 Cicero
1521 1357 1569 1393 M.
1596 1356 1748 1393 Caelium

171 1416 219 1461 (p.
247 1414 334 1450 Cael.
359 1415 392 1457 4,
419 1416 452 1458 9)
487 1414 647 1450 continuo
672 1415 715 1450 ad
740 1425 776 1450 se
802 1425 821 1450 a
845 1417 942 1461 patre
975 1425 1051 1452 esse
1085 1415 1270 1451 deductum
1303 1415 1457 1462 (687167)
1495 1414 1610 1452 refert.
1660 1414 1757 1450 Num

169 1474 283 1508 autem
309 1471 345 1507 G.
360 1471 528 1507 Salustius
554 1473 597 1507 ad
622 1482 829 1518 quemquam
853 1473 1020 1509 deductus
1046 1473 1100 1514 sit,
1127 1483 1211 1507 num
1234 1472 1376 1508 militiae
1403 1472 1598 1508 tirocinium
1621 1472 1751 1514 fecerit,

168 1529 354 1565 memoriae
379 1529 553 1574 proditum
577 1540 647 1565 non
671 1531 741 1571 est,
778 1529 845 1564 nisi
869 1530 960 1575 quod
985 1530 1028 1565 ad
1052 1529 1201 1575 primam
1234 1528 1504 1565 adulescentiam
1537 1528 1756 1565 referendum

169 1596 245 1622 esse
271 1585 357 1621 mihi
383 1586 525 1628 videtur,
552 1587 642 1631 quod
668 1586 740 1631 ipse
766 1587 809 1621 ad
828 1585 1008 1622 Caesarem
1033 1587 1187 1622 scribens
1213 1586 1355 1633 fingitur
1372 1588 1437 1632 (ep.
1455 1586 1499 1621 II.
1526 1586 1568 1628 X,
1595 1587 1618 1622 2
1635 1585 1753 1630 Cort.):

169 1643 358 1688 Postquam
391 1642 476 1677 mihi
510 1645 603 1680 aetas
637 1644 880 1690 ingeniumque
915 1642 1080 1681 adolevit,
1114 1643 1207 1679 haud
1240 1644 1348 1679 ferme
1383 1643 1487 1678 armis
1522 1645 1624 1689 atque
1657 1643 1755 1688 equis

169 1712 292 1746 corpus
318 1701 464 1743 exercui,
492 1701 553 1736 sed
578 1701 729 1736 animum
755 1702 789 1736 in
814 1700 937 1736 litteris
964 1701 1106 1747 agitavi,
1134 1701 1225 1747 quod
1250 1703 1372 1736 natura
1397 1700 1530 1736 firmius
1555 1702 1628 1736 erat
1653 1700 1688 1736 id
1714 1701 1750 1736 in
1801 1737 1806 1740 ,

168 1757 342 1794 laboribus
367 1758 482 1793 habui.
517 1758 614 1793 Licet
647 1759 737 1793 enim
762 1758 851 1793 hanc
876 1758 918 1793 ΙΙ.
944 1769 996 1804 ep.
1023 1759 1066 1793 ad
1091 1757 1203 1794 Gaes.''
1213 1758 1399 1804 genuinam
1425 1768 1499 1794 esse
1533 1769 1634 1804 aegre
1667 1757 1753 1793 mihi

166 1815 361 1861 probaverit
390 1814 539 1861 Hellwig
556 1815 589 1859 2),
630 1817 743 1850 tamen
778 1826 857 1850 011111
894 1815 966 1850 01118
1001 1817 1118 1850 auctor
1143 1816 1270 1860 optime
1308 1825 1409 1850 nosse
1435 1825 1491 1850 res
1510 1815 1636 1851 Salusti
1661 1814 1754 1850 vide-

168 1874 234 1915 tur,
261 1873 351 1918 quod
377 1872 466 1907 infra
489 1873 628 1908 uberius
654 1883 830 1918 exponam,
857 1872 899 1907 de
925 1873 997 1907 eius
1022 1871 1090 1907 fide
1116 1874 1151 1907 et
1184 1872 1384 1908 auctoritate
1416 1883 1485 1907 non
1518 1872 1663 1907 nimium
1696 1871 1753 1906 de-

168 1930 340 1965 traxerim.
390 1929 442 1964 Ex
467 1929 522 1964 his
548 1930 653 1976 igitur
678 1930 791 1965 verbis
817 1929 930 1976 colligi
955 1940 1056 1974 posse
1082 1929 1226 1972 videtur,
1254 1929 1452 1972 Salustium,
1489 1940 1567 1964 cum
1599 1929 1664 1964 sibi
1694 1939 1754 1963 na-

168 1989 245 2022 tura
270 1987 383 2022 minus
409 1986 548 2022 firmum
582 1990 674 2024 esset
706 1998 848 2033 corpus,
884 1997 987 2032 quam
1023 1989 1062 2022 ut
1099 1997 1135 2022 se
1170 1987 1267 2022 daret
1299 1987 1350 2022 rei
1387 1986 1537 2029 militari,
1573 1996 1684 2031 neque
1718 1985 1752 2021 in

167 2045 418 2090 eampo'armis
444 2047 501 2079 aut
528 2045 624 2090 equis
658 2045 804 2080 multum
838 2045 1030 2080 exercuisse
1064 2055 1205 2090 corpuS,
1240 2054 1351 2089 neque
1384 2044 1420 2079 in
1455 2044 1576 2079 castris
1611 2042 1752 2078 militiae

169 2102 363 2138 tirocinium
388 2102 521 2144 fecisse,
549 2103 608 2138 sed
634 2103 795 2145 animum,
823 2102 882 2148 qui
907 2104 1028 2137 natura
1052 2101 1184 2137 firmior
1221 2103 1331 2144 esset,
1366 2101 1401 2137 in
1432 2101 1556 2137 litteris
1591 2100 1750 2147 agitasse.

166 2160 283 2205 Atque
318 2160 511 2195 tirocinium
544 2159 691 2195 militare
725 2160 836 2196 facere
870 2160 938 2194 iam
972 2158 1135 2194 Catilinae
1175 2159 1385 2204 temporibus
1429 2169 1499 2194 non
1536 2156 1752 2193 usitatissimi

165 2218 272 2253 moris
297 2217 403 2253 fuisse
421 2217 599 2253 conficitur
624 2229 666 2253 ex
690 2217 742 2259 iis,
770 2228 855 2263 quae
881 2219 962 2252 sunt
985 2217 1021 2252 in
1046 2215 1143 2252 Catil.
1170 2216 1202 2259 7,
1228 2217 1271 2252 4:
1297 2216 1394 2259 „Iam
1419 2216 1570 2262 primum
1594 2214 1753 2250 iuventus

163 2275 265 2310 simul
291 2286 330 2310 ac
353 2274 433 2310 belli
449 2275 583 2320 patiens
608 2278 691 2317 erat,
718 2275 754 2309 in
779 2275 901 2310 castris
926 2285 987 2319 per
1011 2273 1163 2309 laborem
1188 2284 1252 2308 usu
1277 2273 1438 2309 militiam
1453 2273 1606 2309 discebat
1625 2272 1751 2318 magis-

165 2343 230 2378 que
256 2333 292 2368 in
317 2332 449 2368 decoris
475 2332 580 2367 armis
605 2335 640 2368 et
664 2331 868 2367 militaribus
894 2331 990 2377 equis
1015 2342 1119 2377 quam
1143 2331 1178 2366 in
1204 2331 1326 2366 scortis
1352 2333 1456 2376 atque
1490 2329 1653 2365 conviviis
1677 2328 1753 2365 libi-

164 2390 278 2428 dinem
303 2390 487 2427 habebat.“
539 2389 669 2435 Quibus
694 2389 787 2426 haud
812 2389 955 2426 obscure
980 2388 1171 2435 priscorum
1196 2398 1327 2425 morem
1352 2388 1423 2424 suis
1452 2387 1601 2434 opponit.

281 2448 334 2485 Ex
359 2460 399 2485 eo
425 2451 558 2492 autem,
585 2449 676 2495 quod
701 2459 738 2484 se
764 2448 800 2484 in
825 2447 948 2483 litteris
973 2447 1121 2493 agitasse
1147 2447 1230 2483 dicit
1263 2447 1426 2490 animum,
1461 2445 1604 2482 minime
1637 2445 1752 2491 potest

154 2507 271 2547 ‚conici
295 2518 375 2544 eum
399 2507 472 2543 viro
497 2507 656 2553 cuiquam
680 2506 827 2553 probato
845 2505 1008 2542 traditum
1026 2515 1112 2543 esse.
1146 2504 1197 2541 Eo
1222 2505 1314 2541 enim
1331 2503 1475 2541 consilio
1493 2501 1749 2540 deducebantur

278 2595 299 2631 ¹)
321 2595 354 2622 cf.
376 2594 428 2622 Cic.
451 2603 476 2630 p.
498 2593 588 2621 Caelio
608 2593 635 2628 4,
656 2595 672 2621 9
694 2602 751 2629 seq.

278 2641 303 2680 Ξ)
324 2642 361 2670 De
382 2642 497 2679 genuina
518 2641 626 2670 Sallusti
647 2641 768 2677 epistula.
808 2641 918 2669 Dissert.
939 2639 1103 2676 Merseburgi
1125 2640 1206 2667 1873.
