1873 2859
127 50 153 94 2

126 160 295 209 Pomponi
330 158 542 208 aliorumque
579 158 830 209 exemplaribus
869 160 938 198 vita
971 159 1139 209 Pomponi
1175 158 1275 200 Laeti
1306 160 1514 201 inscribitur.
1550 156 1710 213 vPraestov

126 218 213 256 mihi
236 217 303 255 fuit
325 217 413 255 haec
437 219 508 256 vita
530 229 610 255 cum
633 219 669 255 in
694 218 770 256 aliis
794 221 869 256 tum
893 219 1040 257 maxime
1065 230 1085 256 a
1109 219 1232 257 Iodoco
1256 220 1364 258 Badio
1386 220 1555 258 Ascensio
1592 221 1707 269 expla-

125 278 206 313 nata
242 276 279 312 in
314 275 501 323 exemplari
537 275 761 323 Lugdunensi
800 277 891 314 1509
924 276 981 313 fol.
1015 278 1057 321 4,
1091 279 1124 315 2.
1176 278 1218 314 111
1242 279 1363 315 eodem
1396 277 1580 325 exemplari
1616 279 1708 316 inest

125 333 230 372 etiam
262 332 420 380 Epistula
443 333 611 380 Pomponi
636 333 733 370 Laeti
766 334 808 370 de
833 333 981 370 Salustio
1018 335 1062 371 ad
1086 335 1320 383 Augustinum
1344 335 1507 372 Maffeum
1543 338 1578 372 et
1614 336 1708 379 „Sal-

124 389 207 427 lusti
245 390 316 427 vita
340 401 403 438 per
427 390 669 427 Iohannem
711 390 1087 438 Chrysostomum
1112 392 1312 429 Soldum“
1350 392 1559 440 (Brixianam
1588 394 1705 441 1502),

126 448 185 495 qui
210 447 317 484 vitam
342 450 378 486 et
401 459 515 485 mores
540 448 665 486 acriter
688 448 920 495 reprehendit,
947 449 1076 496 scripta
1100 449 1256 487 laudibus
1281 450 1419 487 extollit.

244 504 392 542 Exstant
416 506 520 543 etiam
545 505 630 542 aliae
655 506 741 544 duae
766 507 854 544 vitae
879 507 1001 543 iisdem
1026 507 1097 544 fere
1123 507 1333 555 temporibus
1366 508 1597 556 conscriptae,
1622 520 1705 556 qua-

122 574 202 600 rum
225 564 320 610 prior
343 564 379 599 in
404 563 609 610 exemplaris
633 564 840 601 Basileensis
878 565 1001 611 (1590)
1032 564 1383 612 81081οξ111801111111111
1425 565 1583 609 „Salustii
1619 567 1698 611 vita,

126 631 242 659 mores
267 623 303 658 et
339 621 492 657 studium
530 632 571 657 ex
604 621 738 658 Petro
775 621 975 657 Orinito“
1015 621 1141 666 (Riccio
1179 622 1437 666 1465-1505),
1471 623 1639 669 posterior
1670 624 1707 661 in

125 679 246 716 eodem
280 677 466 725 exemplari
499 679 546 726 (p.
572 678 594 716 7
631 680 725 727 sqq.)
762 678 833 723 „Ex
866 679 1058 726 Anonymo.
1106 678 1159 715 Ex
1185 679 1354 716 Germano
1392 680 1558 727 quodam“
1586 681 1706 719 inscri-

124 737 227 780 bitur,
254 747 368 782 quam,
400 747 479 772 cum
503 737 540 772 in
565 737 808 773 vetustioribus
832 737 940 780 libris,
965 740 1004 773 ut
1021 737 1217 773 'rhomae
1242 738 1422 773 Murchi
1455 738 1578 785 (Lugd.
1598 740 1706 786 1504)
1769 770 1774 781 ,

621 794 628 801 ι
670 794 678 801 0
719 794 726 801 ι
777 794 784 801 0

124 861 200 888 esse
224 853 319 898 puto.
369 850 525 888 Eandem
549 850 621 888 fere
647 851 752 887 vitam
776 851 893 898 paucis
918 851 1058 887 mutatis
1091 853 1149 887 aut
1175 851 1316 887 omissis
1340 852 1377 888 in
1400 851 1469 888 fine
1503 852 1706 899 exemplaris

125 907 395 945 Mediolanensis
429 909 554 955 (1508)
599 920 702 944 manu
740 909 947 955 adscriptam
984 909 1130 955 repperi.
1181 908 1231 944 Eo
1265 911 1379 945 autem
1415 909 1482 946 hae
1517 909 1638 946 Criniti
1671 913 1707 947 et

122 965 263 1003 Murchi
287 966 377 1003 vitae
402 965 445 1002 ab
470 964 537 1001 illis
566 965 734 1013 Pomponi
759 968 794 1003 et
806 965 900 1002 Soldi
925 965 1097 1012 differunt,
1122 968 1160 1002 ut
1184 965 1381 1013 diligentius
1407 966 1476 1003 sint
1500 966 1705 1013 elaboratae,

123 1026 160 1060 et
184 1025 341 1071 quamvis
366 1022 494 1059 Salusti
518 1023 600 1059 vitia
624 1035 692 1059 non
724 1024 901 1067 reticeant,
927 1024 1070 1070 perditis
1103 1026 1218 1060 tamen
1259 1024 1405 1059 civitatis
1437 1024 1589 1060 moribus
1627 1036 1706 1061 eum

125 1083 300 1119 excusent.

246 1138 375 1174 Omitto
400 1148 450 1182 ea,
489 1149 575 1185 quae
599 1137 842 1184 Philippus
866 1137 1119 1175 Beroaldus
1145 1138 1411 1184 (1443—1505)
1435 1138 1472 1174 in
1496 1139 1705 1184 praefatione

124 1194 320 1232 Salustiana
344 1195 467 1243 (Lugd.
494 1196 586 1233 1509
611 1194 668 1231 fol.
694 1195 790 1243 ΙΠΙ),
816 1205 902 1242 quae
927 1194 1128 1242 Raphael
1154 1194 1484 1231 Volaterranus
1509 1196 1634 1243 (1521)
1670 1198 1706 1233 111

124 1253 388 1300 anthropologia
413 1253 570 1300 (exempl.
595 1253 699 1289 Basil.
728 1254 820 1290 1590
844 1265 877 1299 p.
905 1254 981 1298 10),
1010 1264 1097 1298 quae
1133 1252 1280 1288 Iulius
1306 1252 1469 1289 Caesar
1494 1254 1706 1301 Scaliger

122 1309 392 1355 (1484—1558)
429 1310 464 1345 in
502 1310 654 1349 oratione
686 1320 749 1355 pro
774 1309 937 1345 Cicerone
971 1311 1006 1345 et
1030 1310 1064 1344 in
1090 1309 1184 1344 Poet.
1219 1308 1275 1344 lib.
1310 1311 1331 1344 3
1368 1320 1441 1355 cap.
1481 1312 1526 1346 96
1563 1313 1598 1346 81
1633 1310 1655 1346 l.
1681 1312 1705 1347 4

123 1377 198 1414 cap.
223 1367 282 1412 24,
308 1377 395 1414 quae
420 1365 680 1404 Ludovicus
706 1366 843 1404 Vives
869 1366 1131 1413 (1492-1540)
1156 1366 1191 1402 111
1223 1376 1275 1413 ep.
1301 1366 1324 1403 2
1357 1366 1399 1403 de
1435 1366 1565 1404 ratione
1602 1368 1706 1405 studii

123 1425 188 1461 sub
213 1424 313 1460 titulo
337 1425 520 1469 historiae,
546 1436 635 1471 quae
658 1426 806 1470 denique
831 1425 1082 1470 Estaugius
1117 1426 1152 1459 et
1175 1423 1454 1459 Huldericus
1477 1425 1644 1462 Hutten
1659 1438 1705 1461 us

125 1482 391 1530 (1488-1523)
416 1482 453 1519 111
477 1480 605 1520 88111811
631 1482 768 1530 scriptis
793 1481 1027 1526 laudaverunt,
1066 1481 1101 1517 in
1138 1481 1207 1518 vita
1245 1481 1540 1528 vituperaverunt;
1578 1493 1705 1520 memo-

122 1551 219 1577 rasse
252 1540 401 1576 sufficiat
432 1541 677 1578 Henricum
703 1541 974 1577 Glareanum
1010 1540 1296 1586 (1488—1563),
1331 1540 1542 1576 Iacobum
1573 1541 1705 1578 Bono-

109 1596 329 1635 'niensem
354 1599 494 1644 (1530),
530 1598 825 1634 Omnibonum
863 1598 1004 1644 (1524),
1039 1596 1300 1642 Philippum
1337 1597 1704 1636 Melanchtonem

122 1655 401 1701 (1497-1560),
427 1654 464 1691 O.
490 1654 691 1693 Caelium
717 1656 967 1693 Secundum
984 1654 1219 1691 Curionem
1245 1654 1519 1701 (1503—1569),
1545 1655 1705 1692 Aldum

122 1711 374 1748 Munatium
400 1715 573 1758 (nepotem
609 1714 726 1758 1563),
753 1712 1025 1759 prrianum
1059 1714 1094 1746 et
1118 1712 1366 1746 Ausonium
1403 1723 1423 1747 a
1446 1712 1577 1757 Popma
1610 1713 1704 1758 (circ.

124 1770 251 1816 1570),
278 1769 555 1806 Ludovicum
580 1770 813 1806 Carionem
851 1770 997 1816 (1579),
1030 1769 1185 1804 Ianum
1221 1768 1462 1805 Mellerum
1498 1769 1705 1806 Palmerium

122 1828 254 1874 (1580),
280 1828 433 1864 Ianum
458 1827 650 1864 Douzam
668 1828 801 1875 (1580),
827 1828 1010 1864 Ρ81111111
1028 1826 1314 1863 Ciacconium
1339 1827 1471 1873 (1594),
1496 1826 1705 1864 Fulvium

123 1885 338 1921 Ursinum
364 1885 513 1931 (1595),
539 1884 714 1921 Heliam
739 1884 1008 1920 Putschium
1045 1885 1191 1930 (1602),
1224 1884 1337 1930 ipsum
1374 1884 1520 1930 denique
1552 1884 1704 1920 Ianum

123 1942 366 1980 Gruterum
390 1942 524 1988 (1607),
551 1943 609 1988 qui
634 1943 824 1978 doctissimi
850 1941 885 1978 O.
912 1941 1039 1978 Salusti
1063 1942 1268 1987 interpretes
1294 1942 1329 1977 in
1354 1942 1425 1977 suis
1450 1942 1593 1988 quisque
1627 1929 1706 1988 ὄρθ-

122 2011 201 2036 111111
225 1999 499 2038 Salustianorum
524 2000 779 2037 commentariis
804 2001 846 2036 de
871 2000 940 2035 vita
965 2001 999 2036 et
1024 1999 1160 2045 scriptis
1186 1998 1259 2036 eius
1295 1998 1441 2045 praefati
1475 2001 1556 2035 sunt
1586 2009 1702 2046 pauca.

241 2057 352 2095 Venio
377 2058 420 2094 ad
446 2057 696 2095 Gerardum
730 2058 944 2094 Ioannem
968 2057 1178 2093 Vossium
1203 2056 1478 2102 (1577-1649),
1517 2056 1705 2093 eruditissi-

120 2125 217 2152 mum
243 2115 366 2159 virum,
405 2115 463 2161 qui
488 2118 532 2158 (a.
559 2114 639 2152 Chr.
668 2116 774 2161 1627)
799 2116 835 2150 111
859 2115 971 2161 primo
1007 2114 1049 2149 de
1073 2113 1247 2150 historicis
1284 2112 1398 2149 latinis
1430 2113 1517 2150 libro
1555 2124 1629 2160 cap.
1656 2114 1700 2151 15

121 2173 250 2211 Salusti
276 2174 382 2210 vitam
407 2176 443 2211 et
475 2173 604 2221 scripta
636 2174 775 2211 uberius
812 2173 979 2209 tractavit.
1029 2171 1112 2208 Eius
1149 2172 1253 2209 verba
1290 2171 1382 2219 typis
1422 2182 1583 2219 expressa
1618 2170 1705 2208 mihi

121 2234 263 2278 praesto
287 2232 427 2267 fuerunt
451 2231 487 2267 in
518 2231 674 2278 exemplo
711 2232 870 2268 editionis
894 2230 1107 2266 Mannhemii
1146 2241 1175 2265 a.
1211 2230 1302 2269 1779
1340 2230 1459 2266 sactae.
1508 2230 1592 2266 Post
1625 2239 1705 2265 eum

120 2287 319 2324 Ioannes
344 2287 554 2326 Clericus
580 2288 681 2336 (Jean
705 2287 844 2325 Leclerc
871 2286 1120 2334 1657—1736)
1146 2286 1236 2322 circa
1260 2286 1396 2322 initium
1420 2285 1546 2322 saeculi
1579 2286 1705 2322 duode-

122 2347 276 2384 vicesimi
301 2348 441 2395 scripsit
465 2347 593 2385 Salusti
617 2347 741 2392 vitam,
780 2357 894 2394 quam,
921 2356 999 2382 cum
1024 2355 1194 2392 nusquam
1218 2344 1386 2392 inspicere
1411 2344 1600 2392 potuerim,
1637 2343 1703 2381 hoe

120 2404 195 2439 loco
220 2415 430 2440 memorasse
463 2405 622 2440 sufficiat.
671 2405 794 2450 Neque
820 2415 861 2439 ex
886 2404 927 2438 D.
954 2403 993 2439 G.
1021 2403 1206 2439 Molleri
1231 2403 1469 2438 dissertatione
1506 2404 1548 2438 de
1581 2402 1618 2438 G.
1643 2402 1704 2437 Sa-

119 2460 223 2499 lustio
247 2460 369 2510 Crispo
384 2492 392 2508 ,
418 2473 506 2511 quae
529 2462 679 2500 Altdorfi
704 2474 793 2500 anno
818 2460 898 2499 Ohr.
927 2461 1019 2500 1684
1043 2460 1078 2497 111
1103 2459 1214 2498 11188111
1238 2460 1383 2509 prodiit,
1409 2460 1595 2509 quidquam
1626 2468 1704 2507 pro·

122 2520 213 2558 serre
237 2531 390 2565 possum,
416 2522 482 2556 nisi
513 2522 603 2566 quod
628 2521 787 2557 Wieland
805 2522 831 2565 ²)
867 2531 945 2555 eum
974 2519 1234 2563 „sallustiorum
1265 2522 1404 2565 gentem
1437 2519 1565 2555 Romae
1597 2527 1704 2565 quon-

235 2636 260 2674 ι)
279 2636 312 2664 ια
333 2635 394 2664 nor.
415 2635 442 2666 s.
466 2636 491 2671 1,
512 2635 536 2664 2.
556 2634 590 2664 41
614 2644 640 2672 p.
661 2636 706 2667 ³9.
