1873 2859
103 544 106 548 ’
176 516 263 590 De
311 515 447 594 vita
496 518 552 593 C.
600 519 838 593 Salusti
887 520 1087 615 Crispi
1135 524 1608 600 commentatio,

739 741 1043 788 Prooemium.

221 855 273 892 De
297 856 366 893 vita
389 855 426 893 C.
445 855 571 894 Salusti
588 856 698 905 Crispi
724 858 884 905 quoniam
907 858 1006 895 multi
1029 859 1121 908 iique
1146 859 1336 896 doctissimi
1361 860 1425 897 viri
1449 860 1672 908 scripserunt,

104 923 173 949 uon
196 916 236 949 ut
258 925 346 959 nova
367 915 557 959 inveniam,
591 916 652 952 sed
675 918 728 959 ut,
763 927 849 962 quae
873 916 922 952 illi
947 917 1074 962 optime
1099 918 1355 960 disseruerunt,
1390 918 1572 964 diligenter
1595 929 1674 954 cou-

103 969 247 1016 qniram,
272 970 362 1008 inter
379 982 416 1008 se
441 971 614 1010 conferam
638 973 847 1020 candideque
872 984 1049 1020 exponam,
1076 973 1351 1011 contendendum
1375 973 1461 1010 mihi
1487 984 1563 1011 esse
1579 978 1673 1022 puto.

104 1026 202 1073 Quod
225 1040 293 1076 quo
317 1029 439 1067 melius
463 1031 635 1078 procedat,
661 1031 801 1069 brevem
825 1043 953 1076 eorum,
979 1033 1038 1079 qui
1062 1033 1105 1070 de
1130 1033 1198 1069 vita
1222 1032 1259 1069 C.
1286 1032 1412 1070 Salusti
1431 1036 1672 1077 tractaverunt,

104 1086 251 1123 indicem
276 1089 451 1135 tamquam
474 1089 631 1125 notitiam
655 1089 856 1126 litterariam
879 1090 1108 1136 praemittam.

216 1145 332 1193 Atque
372 1146 478 1183 vitam
510 1146 547 1183 C.
580 1146 707 1184 Salusti
747 1147 858 1194 Crispi
898 1148 1062 1194 scriptam
1100 1147 1279 1195 reliquisse
1314 1147 1377 1192 Qu.
1416 1149 1662 1185 Asconium

102 1201 365 1246 Pedianum,
400 1204 459 1249 qui
482 1204 567 1240 vixit
590 1205 725 1240 circiter
757 1216 806 1240 aa.
833 1204 895 1240 Ch.
922 1207 1056 1247 3—88,
1082 1205 1245 1241 Helenius
1269 1206 1363 1240 Acro
1395 1206 1438 1240 ad
1461 1205 1545 1240 Hor.
1571 1206 1606 1241 S.
1641 1207 1672 1248 1,

101 1258 135 1302 2,
172 1259 218 1297 41
253 1259 445 1304 adnotavit,
479 1260 611 1297 addidit
643 1261 734 1298 enim
767 1261 810 1297 ad
842 1272 900 1305 ea,
935 1272 1022 1308 quae
1054 1261 1247 1309 Porphyrio
1279 1262 1325 1299 de‘
1346 1260 1473 1298 Salusti
1507 1261 1673 1299 adulterio

102 1317 306 1364 scripserat,
339 1318 443 1355 haec:
482 1318 610 1364 „Quem
642 1319 812 1356 Asconius
836 1319 1007 1355 Pedianus
1041 1320 1077 1356 in
1117 1320 1190 1356 eius
1223 1320 1293 1356 vita
1329 1319 1518 1366 significat“
1537 1321 1562 1366 1)
1600 1319 1672 1357 vel:

105 1374 174 1417 „Ut
195 1375 302 1412 refert
316 1375 487 1412 Asconius
504 1376 541 1412 in
557 1377 630 1413 eius
647 1376 791 1422 vita.“⁹)
840 1376 933 1421 Quae
957 1377 1027 1413 vita
1050 1388 1128 1413 cum
1153 1379 1300 1413 aetatem
1323 1388 1392 1412 non
1409 1376 1535 1420 tulerit,
1561 1388 1672 1424 neque

99 1431 195 1469 illum
225 1433 422 1481 „antiquum
446 1436 630 1479 auctorem,
656 1436 715 1482 qui
731 1435 836 1471 vitam
853 1434 1004 1472 Sallustii
1028 1435 1181 1479 scribit“,
1206 1437 1246 1471 ut
1269 1435 1375 1471 refert
1398 1435 1446 1471 Io.
1470 1435 1570 1482 Bapt.
1588 1435 1670 1472 Pius

100 1491 161 1536 (ce.
195 1501 321 1527 anuum
354 1491 433 1528 Chr.
470 1492 582 1539 1500)
606 1493 875 1529 Annotationum
906 1493 1134 1539 posteriorum
1166 1493 1276 1538 capite
1301 1493 1347 1529 84
1362 1493 1401 1537 ⁸),
1436 1503 1581 1539 usquam
1618 1494 1670 1529 in-

99 1548 261 1592 venerim,
286 1551 422 1595 praeter
447 1560 487 1586 ea
501 1578 509 1593 ,
536 1560 622 1596 quae
648 1549 814 1586 Salustius
840 1550 881 1586 de
906 1561 943 1586 se
968 1550 1041 1596 ipse
1066 1550 1207 1591 scribit,
1232 1550 1268 1585 in
1292 1549 1413 1595 primis
1438 1550 1672 1596 conquirenda

98 1605 185 1640 mihi
208 1606 346 1642 fuerunt
370 1617 426 1648 ea,
453 1617 539 1652 quae
577 1608 759 1653 scriptores
792 1609 924 1642 veteres
956 1607 999 1642 de
1032 1606 1068 1642 C.
1095 1606 1221 1642 Salusti
1256 1607 1325 1641 vita
1361 1617 1422 1651 per
1455 1607 1671 1643 occasionem

98 1662 354 1698 adnotaverunt.

217 1719 263 1756 Et
287 1720 428 1768 triginta
452 1721 523 1757 fere
548 1723 638 1764 sunt,
664 1732 749 1767 quos
775 1720 942 1767 inspicere
967 1720 1053 1757 mihi
1077 1720 1183 1764 licuit,
1210 1731 1296 1766 quos
1320 1720 1482 1766 quoniam
1506 1731 1568 1756 suo
1593 1720 1669 1757 loco

98 1778 312 1821 memorabo,
346 1777 403 1813 hic
436 1789 505 1814 non
538 1788 717 1820 enumero,
745 1778 806 1813 sed
830 1779 873 1813 ad
898 1788 955 1814 eos
981 1780 1135 1820 transeo,
1162 1778 1220 1824 qui
1244 1788 1312 1823 quo
1337 1779 1492 1823 tempore
1516 1778 1670 1813 studium

97 1833 287 1871 litterarum
311 1834 541 1871 Romanarum
565 1835 709 1878 revixit,
747 1835 789 1871 de
815 1834 941 1871 Salusti
974 1836 1044 1871 vita
1075 1834 1295 1871 commentati
1320 1836 1410 1870 sunt.
1460 1834 1506 1870 Et
1538 1836 1669 1881 primus

97 1892 236 1946 quidem
267 1892 544 1929 Franciscus
576 1892 794 1929 Petrarca
833 1890 1100 1938 (1304—1374)
1144 1893 1179 1928 in
1211 1892 1323 1938 primo
1354 1902 1469 1928 rerum
1503 1903 1671 1929 memora-

96 1949 217 1985 bilium
240 1949 328 1985 libro
352 1960 460 1995 pauca
483 1951 525 1985 de
551 1950 698 1985 Salustio
723 1950 893 1992 disseruit,
919 1960 1005 1995 quae
1030 1960 1109 1985 cum
1133 1960 1195 1985 suo
1219 1949 1293 1984 loco
1317 1948 1488 1994 proferam
1504 1949 1571 1985 hoc
1594 1950 1669 1986 loco

40 2028 42 2030 -
97 2005 227 2043 omitto.
276 2006 462 2053 Aliquanto
494 2005 593 2053 plura
624 2007 666 2043 de
692 2006 818 2043 Salusti
848 2006 918 2041 vita
942 2006 1219 2042 Laurentius
1243 2004 1374 2041 Valla
1406 2005 1669 2052 (1415—1457)

96 2064 349 2100 commentariis
381 2065 417 2099 in
450 2063 486 2100 C.
521 2064 632 2110 Crispi
656 2064 782 2100 Salusti
814 2063 942 2099 bellum
966 2063 1201 2099 Catilinarium
1233 2063 1429 2108 praemisit,
1464 2074 1549 2108 quae
1586 2066 1667 2099 sunt

53 2126 56 2129 ·
96 2119 132 2155 111
157 2119 342 2166 exemplari
365 2120 613 2157 Mediolanensi
638 2120 717 2156 anni
743 2121 834 2157 1508
859 2119 916 2155 fol.
946 2120 976 2156 1.
1027 2119 1190 2156 Laurenti
1215 2119 1332 2155 Vallae
1369 2118 1573 2164 discipulus,
1608 2120 1667 2165 qui

95 2177 186 2214 idem
217 2178 383 2225 magistro
408 2178 591 2222 successit,
624 2177 767 2214 Iulius
799 2177 1073 2224 Pomponius
1105 2177 1271 2214 Laetus
1305 2176 1571 2223 (1457—1497)
1610 2179 1670 2213 aut

24 2266 28 2268 .
94 2234 167 2280 ipse
199 2235 305 2270 vitam
339 2235 465 2271 Salusti
498 2236 646 2281 scripsit,
673 2237 732 2270 aut
765 2235 806 2270 ab
842 2234 906 2269 alio
944 2235 1107 2281 scriptam
1140 2234 1343 2270 emendavit.
1392 2233 1456 2268 Est
1492 2234 1585 2268 enim
1630 2235 1666 2270 in

95 2291 326 2328 vetustissimo
339 2291 374 2328 C.
398 2291 524 2328 Salusti
542 2303 682 2338 operum
700 2290 865 2337 exemplo,
890 2291 926 2327 in
943 2302 1010 2337 quo
1026 2301 1136 2338 neque
1153 2290 1247 2327 locus
1271 2300 1381 2336 neque
1406 2300 1525 2333 annus,
1551 2301 1619 2336 quo
1632 2291 1668 2326 in

70 2348 74 2355 '
93 2347 206 2384 lucem
229 2349 365 2395 prodiit,
391 2351 528 2386 notatus
552 2352 624 2386 est:
660 2349 715 2393 „C.
742 2348 893 2385 Sallustii
917 2348 1126 2394 vitafflomae
1151 2359 1212 2394 per
1236 2347 1465 2393 Pomponium
1489 2349 1670 2384 emendata

93 2405 297 2453 Brixiaeque
320 2417 383 2453 per
406 2406 454 2443 Io.
472 2407 685 2444 Britanicum
702 2406 961 2454 diligentissime
986 2406 1127 2442 revisa.“
1157 2404 1248 2450 Quae
1266 2405 1339 2441 vita
1364 2405 1399 2440 in
1423 2405 1669 2450 posterioribus

208 2537 233 2584 ι)
252 2546 337 2575 Teuff.
358 2546 421 2575 Sall.
442 2547 456 2575 1
480 2548 539 2576 ndu.
560 2548 587 2582 5,
607 2556 632 2585 p.
655 2547 686 2580 2;
707 2547 779 2576 idem
798 2547 829 2575 Η.
847 2546 875 2575 L.
895 2545 932 2575 R·
951 2545 1006 2574 290
1026 2545 1085 2573 adn.
1106 2545 1132 2572 2.

206 2593 231 2632 ¹)
251 2593 327 2623 Ger-1¹
345 2603 371 2631 p.
390 2595 445 2622 XV.

0 2618 38 2859 ι
162 2660 165 2663 >
206 2641 231 2680 ')
249 2642 328 2673 Voss.
348 2651 374 2680 p.
395 2643 441 2676 15,
460 2642 585 2671 Burettus
604 2652 631 2681 p.
650 2642 714 2671 xvi
