1873 2859
161 149 244 175 sane
269 150 290 174 a
313 138 440 175 Salusti
465 141 501 175 et
525 138 659 175 Munati
696 138 847 178 consiliis
886 139 1079 186 studiisque
1112 150 1182 176 non
1220 139 1372 182 alionum
1405 140 1514 183 fuine
1536 152 1601 189 ιιι
1649 176 1653 178 ,

161 195 202 231 In
227 195 386 238 comitiis.
413 206 500 241 quae
525 198 604 241 post
629 195 820 232 consularia
843 191 962 233 habita
979 199 1070 239 sunt,
1096 199 1304 243 praetorum,
1331 196 1505 249 aedilium.
1529 200 1754 257 quacumqu

161 253 387 299 suffragatum
414 253 553 300 quidem
579 264 655 289 esse
681 254 733 297 iis,
760 255 820 301 qui
844 266 864 290 a
881 254 1036 291 Caesaris
1060 254 1215 301 partibus
1240 256 1381 298 starent,
1408 255 1565 297 offecisse
1581 257 1752 307 optim·-

161 312 237 353 bus,
264 312 325 347 sed
351 322 430 347 cum
455 323 498 347 ne
524 311 642 347 Clodio
668 312 808 358 quidem
833 313 920 348 tanti
945 314 1038 348 esset
1070 313 1106 348 in
1131 313 1282 358 quinque
1315 312 1467 359 reliquos
1491 324 1631 350 menses
1653 325 1753 361 prae-

162 371 273 403 turam
301 371 430 414 petere.
456 379 566 414 neque
593 368 780 405 Salustium
804 369 951 405 multum
976 369 1183 405 allaborasse
1209 369 1487 406 existimaverim.
1537 370 1667 408 Verum
1691 371 1755 416 ubi
1775 381 1785 384 “·

161 425 203 461 de
230 426 379 461 comitiis
415 426 450 461 in
484 437 612 461 annum
645 431 821 472 posterum
856 438 944 462 anno
970 428 1098 474 702152
1132 427 1300 463 habendis
1330 428 1453 474 agitari
1489 430 1650 474 coeptum
1686 431 1751 475 ent,

161 486 235 518 tum
261 494 341 519 vero
367 483 494 518 Salusti
520 483 677 519 voluntas
702 487 737 520 et
762 485 913 520 studium
951 485 1085 521 enituit.
1136 484 1363 521 Consulatum·
1390 485 1482 521 enim
1514 485 1764 531 petieruntP.
1806 496 1851 526 ,τέ

160 541 320 576 Plautius
345 541 537 587 Hypsaeus,
565 542 620 577 cui
646 553 786 584 summo·
806 553 907 588 opere
935 543 1096 578 studebat
1112 543 1306 589 Pompeius,
1333 543 1424 589 quod
1448 543 1484 579 in
1508 542 1598 579 bello
1609 542 1752 583 Mithri,
1828 545 1838 554 “

163 599 277 634 datico
313 600 385 634 eius
420 603 581 645 quaestor
601 601 625 644 1)
664 601 775 636 fuerat
812 602 931 646 postea
968 601 1144 636 familiaris
1161 600 1207 645 ⁹),
1246 603 1281 636 et
1313 600 1375 645 Qu.
1402 600 1569 637 Caecilius
1592 599 1753 643 Metellus

160 657 284 702 Scipio,
312 657 407 692 cuius
434 668 573 692 causam
598 657 716 693 Cicero
742 661 861 693 contra
878 658 1068 693 Favonium
1093 660 1211 704 egerat
1227 658 1266 702 ³),
1293 657 1398 693 filiam
1425 651 1617 694 Corneliam
1641 660 1752 695 morte

161 714 476 766 Crassi-viduatam
502 717 621 761 postea
646 726 787 751 uxorem
813 716 909 751 duxit
935 716 1118 762 Pompeius
1139 715 1193 762 ⁴¹),
1220 717 1255 751 et
1288 714 1384 751 Titus
1421 715 1556 751 Annius
1581 714 1665 751 Milo
1689 714 1754 758 Pa·

159 773 296 818 pianus,
323 773 380 817 qui
407 784 485 807 cum
511 774 588 808 trib.
605 773 648 818 pl.
668 773 796 818 697157
822 772 1022 809 Ciceronem
1039 773 1232 809 reduxisset
1256 775 1291 807 et
1308 773 1372 808 sub
1398 772 1504 808 finem
1524 773 1604 808 anni
1622 774 1752 820 699155
1786 821 1789 823 -

160 840 304 865 uxorem
330 830 485 865 duxisset
509 830 673 865 Faustam
698 830 809 866 Sullae
835 829 941 866 filiam
978 842 997 866 a
1022 830 1055 866 C.
1090 830 1255 866 Memmio
1280 829 1434 865 Gemello
1458 830 1647 873 dimissam,
1678 840 1751 866 arc-
1784 875 1787 878 Ι

161 888 293 922 tissime
320 899 356 923 se
383 899 461 922 cum
487 888 707 933 optimatibus
726 888 969 931 coniunxerat3
996 890 1172 933 praeterea
1197 889 1394 933 praeturam
1418 888 1518 933 petiit
1542 887 1581 923 P.
1599 886 1750 932 Clodius,
1777 911 1804 939 .'
1830 911 1847 918 „

161 945 219 991 qui
244 956 452 991 quamquam
478 956 585 991 paene
611 945 743 981 occisus
769 948 823 981 est
848 957 867 980 a
891 945 938 981 M.
963 945 1126 991 Antonio,
1153 945 1212 992 qui
1244 945 1347 981 modo
1372 955 1392 980 a
1413 944 1557 981 Caesare
1580 945 1624 981 ad
1648 955 1759 993 quae->
1852 943 1856 950 ‘

160 1006 290 1038 sturam
310 1004 492 1048 petendam
520 1006 668 1046 venerat,
696 1006 809 1039 tamen
825 1003 979 1039 Caesaris
1004 1006 1120 1049 partes
1145 1003 1293 1038 retinere
1318 1003 1502 1048 putabatur
1518 1002 1556 1047 ⁵).
1579 1002 1753 1047 Salustius
1794 1046 1797 1051 .

165 1060 271 1106 igitur
306 1061 377 1094 sive
411 1061 503 1105 quod
536 1060 631 1106 leges
657 1060 791 1096 Clodias
810 1061 837 1105 6)
869 1060 1090 1106 popularibus
1127 1059 1324 1105 profuturas
1363 1070 1438 1095 esse
1475 1060 1644 1105 sperabat,
1682 1060 1753 1104 sive
1858 1053 1873 1076 *¹

160 1118 251 1162 quod
277 1116 443 1162 Caesaris,
470 1118 527 1163 qui
554 1128 597 1154 ne
623 1118 805 1163 sponsione
832 1118 971 1163 quidem
997 1116 1170 1152 Ciceronis
1196 1117 1319 1152 adduci
1357 1119 1533 1162 potuerat,
1568 1119 1607 1152 ut
1631 1116 1753 1158 Miloni

160 1174 300 1216 faveret,
327 1174 513 1220 plurimum
540 1175 708 1211 interesse
734 1175 893 1220 putabat,
921 1177 1013 1210 certe
1038 1174 1135 1209 initio
1161 1175 1278 1209 statim
1317 1173 1434 1210 Clodio
1468 1185 1571 1220 quam
1604 1168 1752 1217 maxime

159 1232 300 1273 studuit.
327 1232 448 1268 Miloni
474 1233 617 1275 obstitit,
643 1232 843 1278 Hypsaeum
865 1232 1128 1278 Scipionemque
1155 1234 1192 1267 ut
1205 1231 1343 1267 Clodius
1369 1232 1417 1267 ita
1441 1232 1515 1278 ipse
1540 1232 1576 1267 in
1601 1231 1749 1278 petendo

159 1289 337 1325 consulatu
363 1291 500 1325 adiuvit.
551 1290 700 1326 Etcum
726 1291 861 1326 assidue
898 1302 966 1325 una
1003 1292 1119 1325 essent
1155 1301 1234 1325 cum
1272 1290 1462 1325 candidatis
1504 1289 1748 1336 suffragatores

160 1347 300 1384 Milonis
326 1347 453 1391 CIcero,
481 1348 632 1394 Hypsaei
649 1347 785 1398 Clodius
812 1349 902 1387 (Asc.
930 1349 975 1385 48
1001 1347 1143 1391 ΟΒ.-12,
1169 1349 1215 1384 26
1234 1358 1281 1394 sq.
1309 1347 1403 1392 KS.),
1429 1358 1539 1394 neque
1565 1347 1753 1384 Salustium

160 1406 309 1441 alienum
334 1406 439 1441 fuisse
464 1407 658 1451 putaverim
683 1407 725 1440 ab
751 1406 817 1441 illis
843 1406 969 1451 pugnis
995 1409 1029 1440 et
1054 1405 1269 1447 tumultibus
1296 1405 1432 1450 quibus,
1459 1408 1497 1440 ut
1521 1405 1557 1440 in
1582 1405 1655 1440 dies
1681 1408 1749 1440 tra-

159 1463 325 1499 herentur
352 1463 499 1507 comitia,
527 1465 561 1499 et
587 1462 705 1499 Cicero
730 1474 837 1510 paene
856 1463 1031 1499 confectus
1057 1465 1111 1499 est
1128 1474 1147 1498 a
1165 1462 1282 1499 Clodio
1307 1465 1342 1499 et
1367 1463 1409 1498 ab
1435 1462 1585 1499 Antonio
1611 1462 1749 1499 Clodius

160 1524 195 1556 et
218 1521 392 1556 Favonius
418 1521 535 1556 aedilis
563 1533 581 1556 a
607 1522 770 1566 Pompeio
796 1521 895 1563 Rufo,
923 1522 981 1566 qui
1007 1533 1036 1556 a.
1072 1522 1104 1556 d.
1130 1521 1210 1556 IIII.
1236 1521 1319 1556 Idus
1344 1520 1505 1556 Decemb.
1540 1520 1752 1556 tribunatum

160 1578 292 1619 inierat,
320 1578 355 1612 in
382 1577 515 1613 vincula
541 1578 715 1614 coniectus
741 1581 794 1613 est
819 1580 854 1613 et
879 1578 1026 1614 comitiis
1052 1578 1121 1613 iam
1158 1577 1351 1620 incohatis,
1386 1577 1444 1613 ubi
1471 1576 1636 1613 Milonem
1672 1587 1752 1613 con-

160 1635 271 1671 sulem
295 1635 370 1670 fieri
396 1635 489 1671 videt
507 1635 644 1671 Clodius
662 1636 699 1679 7),
727 1636 827 1671 ambo
845 1635 1002 1671 consules
1021 1636 1188 1671 vulnerati
1208 1635 1342 1680 3111118).
1370 1635 1492 1680 Neque
1518 1635 1627 1670 tribus
1652 1645 1750 1671 sena-

160 1695 215 1727 tus
241 1691 416 1734 consultis,
443 1692 567 1738 quibus
601 1695 646 1727 et·
674 1692 925 1738 provinciarum
963 1703 1061 1739 spem
1086 1692 1121 1727 in
1155 1692 1306 1738 quinque
1343 1702 1450 1727 annos
1484 1693 1676 1728 removerat
1713 1693 1752 1728 et

161 1754 273 1786 vestes
298 1752 431 1786 mutare
456 1751 655 1785 decreverat
680 1754 714 1785 et
738 1750 785 1785 Isi
810 1750 997 1796 Serapique
1024 1749 1134 1785 cultus
1160 1761 1204 1785 ne
1223 1749 1409 1786 haberetur
1427 1749 1589 1791 edixerat,
1615 1761 1636 1785 a
1652 1748 1749 1786 Clodi

160 1808 274 1842 studio
300 1806 570 1852 tumultibusque
604 1807 771 1842 abductus
809 1810 862 1842 est
887 1807 1066 1850 Salustius,
1104 1807 1210 1841 immo
1241 1806 1337 1842 initio
1374 1806 1454 1842 anni
1493 1806 1632 1852 702s52‚
1671 1813 1751 1842 cum

112 1874 120 1883 ¹
160 1865 346 1911 Pompeius
372 1867 407 1900 et
436 1864 472 1900 T.
500 1864 675 1900 Munatius
705 1867 745 1900 tr.
775 1864 815 1911 pl.
843 1865 963 1902 referri
989 1865 1031 1901 ad
1057 1866 1215 1901 senatum
1239 1865 1281 1901 de
1307 1864 1477 1911 pratriciis
1511 1864 1749 1908 convocandis

160 1923 219 1968 qui
244 1923 452 1968 interregem
480 1924 673 1967 proderent,
700 1934 767 1957 non
793 1926 910 1957 essent
934 1923 1025 1968 passi
1038 1923 1076 1966 ⁹),
1104 1923 1177 1967 ipse
1203 1925 1238 1957 et
1263 1922 1324 1966 Qu.
1344 1922 1528 1967 Pompeius
1552 1922 1662 1957 Rufus
1688 1922 1752 1958 ini-

159 1979 366 2016 micissimas
391 1979 511 2015 Miloni
536 1979 731 2016 habuerunt
756 1979 936 2017 conciones
962 1982 997 2016 et
1021 1979 1207 2016 contionati
1240 1981 1337 2023 sunt,
1375 1981 1411 2015 ut
1435 1979 1606 2016 Asconius
1626 1979 1672 2027 ¹⁰)
1711 1989 1753 2016 ex

160 2039 259 2074 Actis
297 2038 488 2083 exscripsit,
527 2049 567 2073 eo
604 2039 679 2084 ipso
704 2039 777 2081 die,
816 2050 883 2083 quo
921 2038 1058 2074 Clodius
1092 2039 1223 2074 occisus
1261 2040 1323 2080 est,
1364 2038 1521 2083 „utrique
1556 2028 1592 2073 e't
1623 2037 1753 2073 inimici
1854 2046 1873 2086 7*

160 2095 281 2130 Miloni
307 2099 342 2130 et
367 2096 450 2130 satis
477 2095 654 2140 inquieti.“
1848 2092 1851 2094 ’

239 2212 263 2244 ¹)
284 2213 343 2238 Asc.
364 2221 389 2247 p.
412 2212 448 2237 35
469 2210 520 2237 OB.
542 2210 587 2242 51,
610 2211 625 2235 5
648 2219 687 2245 sq.
711 2211 759 2237 KS.

238 2259 261 2295 ²)
283 2258 336 2286 Cic.
357 2259 418 2285 fam.
442 2259 466 2291 1,
491 2259 514 2291 1,
537 2259 560 2284 5.
582 2259 625 2284 Att
654 2258 678 2290 5,
700 2258 724 2291 8,
747 2259 770 2284 3,

239 2307 261 2345 ⁸)
285 2308 337 2336 Cic.
359 2310 410 2336 Ate.
432 2308 457 2339 2,
481 2308 505 2341 1,
528 2307 552 2334 9,

238 2356 260 2391 ⁴)
282 2357 362 2391 Lang.
385 2357 410 2383 11.
433 2356 496 2382 360.

237 2403 261 2441 ⁸)
282 2404 335 2435 Cic.
356 2403 420 2431 Phil.
442 2404 468 2437 2,
490 2403 539 2437 20,
561 2403 603 2429 49.
645 2402 692 2429 Dio
714 2401 741 2429 C.
764 2402 809 2435 45,
832 2402 875 2429 26.

238 2453 260 2489 6)
282 2453 335 2482 Cic.
355 2452 406 2480 Mil.
430 2452 472 2485 12,
495 2452 539 2485 53,
560 2452 604 2485 32,
626 2451 669 2479 87.
692 2452 736 2485 35,
758 2451 801 2478 89.
842 2452 901 2478 Asc.
922 2460 948 2487 p.
970 2450 1005 2477 ⁵2
1026 2449 1078 2478 OB.
1099 2450 1143 2484 46,
1166 2450 1201 2477 ΞΟ
1222 2450 1271 2478 Κ8.

240 2501 264 2537 ⁷)
286 2501 339 2529 Cic.
359 2510 385 2537 p.
406 2500 457 2527 Mil.
480 2501 505 2533 9,
528 2500 573 2526 25.

240 2549 265 2582 ⁸]
288 2549 369 2585 Lang.
391 2548 429 2576 111.
450 2556 475 2584 p.
497 2547 561 2574 ³54.

238 2597 262 2633 ⁹)
283 2600 341 2624 Asc.
363 2596 399 2623 52
420 2595 471 2623 OB.
493 2596 536 2629 ⁰37,
559 2595 575 2622 8
597 2604 654 2632 sqq.
676 2595 726 2623 KS.

227 2646 263 2682 ¹⁰)
283 2654 309 2682 p.
329 2645 365 2672 49
387 2644 437 2672 ΟΒ.
458 2644 504 2678 45,
527 2644 560 2671 15
583 2653 623 2680 sq.
645 2642 696 2670 KS.
