1873 2859
18 16 24 24 1
51 21 54 26 Ι
164 3 166 6 ,

0 34 5 42 ι
19 26 25 37 ³
44 26 51 33 ⁴
119 25 122 29 '

31 49 37 56 ’
180 60 187 64 ,

256 181 324 231 Sed
357 183 542 228 antequam
578 182 619 216 ad
655 180 926 230 coniurationem
961 180 1129 232 0311111133
1163 182 1365 226 veniamne,
1396 183 1637 238 quaerendum
1663 160 1669 178 ὲ

142 239 287 287 videtur,
323 240 414 289 unde
447 239 590 276 aliorum
624 239 779 289 gentium
807 241 843 275 ct
866 228 984 286 populi
1011 233 1157 274 Romani
1191 249 1248 275 res
1281 242 1398 287 gestas
1424 229 1639 290 cognoverit,
1660 231 1748 289 quos
1775 230 1851 277 3⁷2⁴?ss

142 285 248 345 libros
281 297 501 344 potissimum
534 296 675 344 legerit,
712 308 779 345 quo
833 298 991 346 doctores
1018 296 1193 333 audierit?
1242 297 1359 345 Atque
1384 298 1557 336 Romanas
1582 295 1639 336 res
1663 310 1747 352 prae
1790 299 1797 318 ·’

142 355 265 391 ceteris
292 365 498 404 cognoscere
524 355 637 400 potuit
662 354 905 390 311.Ῥο“1·31
931 353 1073 389 Catonis
1099 354 1297 400 Originibus
1328 358 1363 391 et
1387 356 1425 391 L
1451 356 1553 394 Corn
1580 349 1746 393 Sisennae
1767 372 1783 387 z

143 414 177 447 et
190 411 319 459 Aemili
334 410 453 448 Scauri
479 411 709 455 comentariis,
738 383 887 448 Graecas
913 422 954 447 ex
979 410 1234 458 Xenophontis
1261 411 1474 457 Thucididis‚
1503 413 1745 451 Demosthenis

141 471 250 513 libris,
270 481 311 506 ex
325 471 449 516 quibus
468 482 545 506 cum
564 470 672 505 multa
690 471 828 517 quidem
847 471 909 506 3311
928 471 1027 516 quasi
1046 471 1235 506 concocta
1226 482 1262 506 111
1281 482 1362 506 31103
1380 470 1487 508 libros
1506 473 1746 519 assumpserit,

1107 0 1133 11 ,-
1154 0 1164 3 ’·
1185 0 1209 19 τ’
1223 0 1642 47 ‚va-pamm,-
1732 14 1735 16 ’
1766 11 1778 19 ⁷·

141 528 439 567 adulescentulum
465 539 522 564 eos
547 528 653 564 libros
691 528 818 575 legisse
845 528 1035 564 Salustium
1070 530 1341 565 consentaneum
1367 532 1431 566 est.
1481 530 1605 578 Neque
1631 525 1747 566 solum
1810 574 1812 576 v
1834 530 1871 580 433

141 597 218 634 eos,
254 587 313 634 qui
339 587 492 623 oratione
517 586 629 623 soluta
653 586 835 623 historiam
861 587 1096 633 scripserunt,
1123 587 1185 623 sed
1211 587 1316 624 etiam
1340 590 1480 634 poetas,
1507 589 1579 625 sive
1606 588 1747 625 histori-

141 656 217 687 cas,
255 645 326 680 sive
352 645 609 692 philosophicas
636 655 692 681 res
720 647 970 686 tractaverant,
1000 646 1035 679 et
1061 647 1232 687 oratores,
1260 646 1320 691 qui
1346 646 1488 691 quidem
1514 646 1685 683 orationes
1710 647 1746 682 in

142 702 255 739 lucem
281 702 478 746 ediderant,
517 703 600 750 quin
631 703 734 739 etiam
759 703 1007 750 grammaticos
1033 701 1186 749 aliosque
1213 703 1399 750 scriptores
1426 703 1609 752 diligenter
1634 707 1669 741 et
1693 715 1747 741 33-

143 764 259 798 curate
283 761 474 808 perlegisse
501 761 671 798 Salustius
697 761 783 797 mihi
809 762 954 798 videtur.
1008 760 1108 797 Color
1134 762 1227 797 enim
1252 761 1308 798 ille
1334 763 1489 808 poeticus
1519 765 1554 799 et
1579 764 1747 799 oratorius

143 821 178 854 et
203 816 361 854 accurata
386 830 502 855 rerum
528 822 706 865 gestarum
733 819 856 853 notitia
879 818 936 853 vix
963 818 1100 853 aliunde
1126 818 1298 863 proficisci
1323 822 1520 865 potuerunt.

257 876 418 912 Audierit
452 879 567 912 autem
601 876 746 912 fortasse
780 876 836 911 his
862 876 985 922 primis
1012 874 1266 912 adulescentiae
1292 877 1390 912 annis
1415 877 1574 913 Atteium
1599 877 1745 914 Philolo-

142 945 245 980 gum,
281 935 339 979 qui
373 935 446 979 ipse
481 935 571 979 apud
607 934 808 968 Suetonium
845 935 995 978 (gramm
1034 934 1096 979 10)
1131 943 1167 968 33
1202 934 1360 969 docuisse
1395 934 1496 977 dicit,
1530 935 1747 980 praecepisse

145 992 261 1028 autem
286 990 406 1027 multis
433 994 467 1027 et
493 990 593 1026 claris
619 991 810 1033 iuvenibus,
837 990 873 1026 in
898 990 1024 1037 quibus
1050 990 1165 1037 Appio
1191 989 1331 1027 Claudio
1357 991 1508 1028 Pulchro
1533 994 1568 1028 et
1594 991 1628 1028 O.
1651 991 1748 1028 Olau-

145 1050 201 1085 dio
227 1049 389 1092 Pulchro,
417 1049 579 1085 fratribus
605 1051 687 1084 natu
714 1049 901 1084 maioribus
926 1049 963 1084 P.
994 1048 1091 1084 Clodi
1118 1048 1270 1092 Pulchri,
1298 1061 1445 1095 quorum
1472 1061 1586 1086 comes
1611 1051 1645 1085 in
1671 1061 1749 1095 pro-

145 1108 256 1143 vincia
290 1107 356 1142 fuit
391 1106 737 1153 (699s55—703s51).
789 1105 885 1150 Quod
921 1106 1013 1142 enim
1047 1106 1183 1152 Appius
1215 1106 1377 1142 Claudius
1402 1107 1552 1144 Pulcher
1586 1107 1748 1144 sodalicio

143 1165 330 1211 Nigidiano
356 1175 481 1200 nomen
508 1165 602 1200 dedit
616 1165 652 1209 ¹),
680 1164 926 1208 νεκυομαντεῖα
952 1163 1101 1199 faciebat
1115 1163 1152 1208 2),
1187 1164 1461 1210 psychomantiis
1486 1165 1537 1200 uti
1563 1164 1694 1200 solebat
1706 1165 1748 1212 ³),

145 1222 294 1258 Salustio
320 1223 440 1257 eadem
467 1222 538 1257 fere
558 1222 639 1256 vitio
660 1222 857 1256 tribuuntur
883 1222 924 1256 ab
952 1223 1090 1256 auctore
1117 1221 1306 1257 invectivae
1332 1222 1368 1256 in
1386 1221 1573 1257 Salustium
1586 1222 1625 1264 ⁴¹),
1655 1222 1749 1267 equi-

145 1280 224 1315 dem
251 1279 294 1314 ad
321 1279 475 1313 eiusdem
503 1279 598 1313 Attei
624 1278 877 1313 institutionem
903 1277 1116 1320 rettulerim,
1152 1289 1255 1324 quem
1286 1289 1349 1324 pro
1376 1278 1580 1325 „multiplici
1606 1290 1667 1314 sua
1692 1290 1749 1314 va-

144 1338 263 1384 riaque
288 1337 478 1380 doctrina,“
514 1338 655 1383 propter
681 1347 785 1382 quam
810 1335 992 1382 Philologi'
1009 1335 1276 1382 appellationem
1301 1337 1531 1390 assumpsisse
1557 1337 1693 1374 videtur
1708 1336 1747 1381 ⁵),

145 1394 384 1440 philosophiae
411 1405 546 1439 quoque
572 1396 756 1439 praecepta
781 1394 995 1428 auditoribus
1022 1394 1206 1428 tradidisse
1231 1395 1435 1438 putaverim.
1475 1394 1572 1430 Idem
1591 1405 1670 1429 cum
1690 1394 1748 1436 „in

146 1452 287 1489 Graecis
320 1451 445 1487 litteris
480 1462 646 1498 magnum
671 1461 873 1497 processum
898 1449 1062 1494 haberet,
1098 1452 1132 1486 et
1166 1450 1201 1486 in
1227 1450 1359 1487 Latinis
1385 1451 1671 1497 nonnullum⁴‘⁶)‚
1707 1462 1749 1487 ex

145 1509 432 1556 philosophorum
458 1520 594 1555 quoque
620 1509 831 1555 praeceptis,
860 1519 946 1554 quae
972 1508 1039 1543 sibi
1064 1508 1311 1554 probarentur,
1339 1508 1485 1555 elegisse
1512 1511 1546 1545 et
1571 1520 1650 1544 cum
1675 1509 1746 1544 suis

146 1563 379 1613 composuisse
408 1567 563 1608 videtur,
600 1577 686 1612 quae
713 1566 784 1601 fere
811 1566 877 1601 fuit
902 1565 1055 1612 Nigidii,
1092 1576 1194 1611 quem
1226 1566 1340 1612 ipsum
1366 1566 1462 1601 Attei
1487 1565 1664 1612 discipulis
1690 1578 1769 1619 an-¹

146 1624 411 1667 numeraverim,
442 1626 477 1660 et
501 1624 628 1660 multos
655 1626 733 1660 ante
759 1634 866 1659 annos
892 1622 1193 1669 Empedoclis
1219 1623 1485 1669 philosophandi
1512 1624 1598 1659 ratio
1612 1623 1652 1670 ⁷).

204 1737 313 1795 Gap.
334 1737 387 1783 V.
424 1737 492 1783 De
521 1736 703 1782 Salusti
733 1735 1059 1803 Empedocleis
1090 1736 1138 1781 et
1167 1736 1394 1783 sodalicio
1424 1723 1690 1795 Nigidiano.

261 1826 350 1870 Hinc
388 1826 424 1865 in
458 1826 562 1867 aliam
600 1836 743 1871 eamque
777 1827 970 1862 contortam
1005 1827 1040 1860 et
1073 1824 1249 1864 difficilem
1282 1825 1465 1862 incidimus
1499 1826 1746 1872 quaestionem,

146 1886 263 1932 utrum
287 1883 539 1930 Empedocleae
575 1894 709 1930 quoque
744 1882 985 1929 philosophiae
1020 1892 1159 1928 operam
1190 1882 1324 1918 dederit
1350 1882 1519 1919 Salustius
1544 1883 1748 1921 adulescens

147 1943 365 1989 fructumque
402 1941 482 1978 inde
519 1944 721 1987 perceptum
758 1940 910 1979 carmine
949 1940 1146 1986 exposuerit
1181 1940 1321 1976 necne?
1367 1940 1460 1976 Haec
1499 1941 1590 1977 enim
1629 1940 1749 1977 scribit

147 2000 266 2041 Cicero
291 2001 334 2044 ad
358 1999 421 2045 Qu.
447 1999 489 2044 fr.
516 2001 556 2041 2,
585 2001 605 2031 9
634 2000 728 2045 (11),
756 1999 797 2035 4:
836 1998 975 2035 Lucreti
1000 1999 1178 2044 poemata,
1205 2000 1244 2033 ut
1269 1998 1408 2042 scribis,
1436 1998 1484 2034 ita
1509 2000 1599 2041 sunt,
1626 1997 1746 2034 multis

146 2058 334 2099 luminibus
359 2057 487 2109 ingeni,
514 2056 642 2093 multae
677 2059 793 2093 tamen
827 2057 929 2099 artis,
965 2057 1027 2092 sed
1057 2055 1104 2101 (si
1129 2057 1172 2091 ad
1198 2055 1332 2101 umbili)
1360 2068 1437 2092 cum
1464 2056 1609 2099 veneris,
1635 2055 1749 2093 virum

148 2118 181 2155 te
208 2115 354 2161 putabo3
381 2112 410 2149 si
437 2114 564 2151 Salusti
589 2114 819 2160 Empedoclea
844 2113 980 2161 legeris,
1012 2113 1190 2149 hominem
1215 2125 1283 2150 non
1307 2112 1472 2160 putabo.“
1523 2113 1749 2165 Atque-scri-

147 2175 208 2219 pta
234 2175 287 2208 est
312 2184 351 2216 ea
376 2172 523 2219 epistula
549 2184 637 2208 anno
664 2172 804 2218 700l54,
831 2172 922 2209 unde
947 2171 1170 2208 manifestum
1194 2171 1253 2215 fit,
1285 2172 1385 2218 paulo
1410 2174 1489 2208 ante
1516 2184 1595 2208 eum
1620 2182 1748 2208 annum

148 2233 187 2270 ut
211 2230 421 2272 Lucretium,
448 2231 496 2272 ita
521 2230 722 2269 Sallustium
748 2230 919 2275 quendam
944 2232 1104 2275 poemata
1128 2229 1165 2265 in
1190 2229 1302 2267 lucem
1329 2230 1489 2271 edidisse,
1516 2241 1603 2276 quae
1623 2230 1748 2275 Empe-

149 2286 267 2337 doclea
293 2287 476 2334 inscripsit,
504 2287 564 2324 sed
591 2288 650 2331 aut
675 2297 732 2322 eas
758 2297 814 2322 res
839 2288 898 2322 aut
922 2286 970 2322 ita
995 2286 1036 2322 iis
1063 2286 1272 2323 carminibus
1299 2288 1461 2323 tractatas
1487 2297 1573 2331 esse,
1600 2289 1639 2323 ut
1669 2297 1747 2324 cum

267 2384 433 2421 ²)M0mms.
456 2384 484 2411 11
506 2384 535 2411 R
556 2383 601 2411 1114
621 2393 646 2420 p.
669 2384 732 2410 558

265 2432 288 2470 ²)
309 2432 364 2460 Ci.c
386 2432 424 2460 'su
427 2441 464 2459 se
487 2433 503 2465 Ι,
526 2433 590 2461 16
584 2433 629 2461 ''¹1.

265 2481 364 2518 3)61.3
387 2480 741 2515 113111ν11.,131158,152.

265 2530 289 2568 ⁴)
312 2529 397 2564 5,14
418 2528 508 2557 abiiti
502 2539 528 2557 111
550 2530 707 2558 sodalicium
730 2530 853 2566 sacrilegi
874 2529 1015 2567 Nigidiani.
1057 2529 1142 2558 Teuff.
1164 2529 1193 2558 R.
1215 2530 1242 2558 L.
1265 2529 1308 2558 Ψ.
1331 2530 1397 2564 196,
1419 2530 1443 2558 1.

266 2579 289 2614 ⁵)
310 2578 376 2606 Suet
397 2587 429 2614 gr
430 2588 499 2606 amm
531 2580 574 2606 10.
614 2575 619 2581 '

265 2626 288 2663 ³)
310 2626 385 2654 Suet.
407 2636 518 2663 gramm.
542 2627 585 2654 10.

268 2676 290 2713 7)
312 2675 344 2703 ef.
366 2676 473 2706 Liibker
493 2685 514 2705 3.
538 2685 560 2704 v.
581 2685 606 2713 p.
628 2676 714 2704 512.-
