1873 2859
1641 58 1703 97 m

115 152 216 200 quod·
234 150 418 200 Hellwig'io
442 152 595 196 videtur,
628 155 680 189 at
698 152 799 202 fingi
812 156 941 191 :tamen-
965 154 1105 202 scripta
1123 160 1202 192 esse
1234 166 1323 194 auno
1341 156 1474 204 703151
1507 158 1589 193 ante
1611 155 1703 193 Mar-

117 213 203 248 tium
227 222 382 248 mensem
396 212 426 258 ¹)
450 212 601 258 putanda
626 212 680 248 sit.

227 268 315 311 Quid
348 271 463 304 autem
496 269 627 313 reliquo
660 270 741 304 anni
776 271 903 316 703s51
937 271 1048 316 spatio
1080 272 1192 317 egerit
1219 272 1389 307 Salustius
1422 283 1489 306 non
1523 275 1597 307 est
1609 283 1702 307 com-

112 329 263 375 pertum,
303 325 368 362 nisi
405 325 434 362 si
470 325 557 373 quis·
585 337 663 362 eum
681 337 769 363 cum
796 327 918 364 Bibulo
951 339 1014 375 pro
1046 330 1227 375 quaestore
1242 349 1245 352 -
1261 329 1296 365 in
1320 329 1457 376 Syriam
1491 328 1702 375 provinciam

114 385 238 421 abiisse
272 384 528 419 existimaverit.
580 384 703 420 Exstat
739 385 831 420 enim
864 386 1011 431 epistula
1035 387 1252 433 Ciceronis-²)
1284 388 1328 423 ad
1361 387 1542 423 Caninium
1575 386 1702 433 (vulg.)

114 440 164 477 vel
198 440 320 477 Gaium
347 440 475 483 v(Klotz
507 440 593 484 ind.)
635 441 822 477 Salustium
861 453 924 488 pro
961 445 1142 490 quaestore
1176 442 1290 479 Bibuli
1329 443 1459 490 scripta
1495 444 1559 479 sub
1596 444 1701 479 finem

113 498 242 534 mensis
268 497 428 542 Quintilis
454 498 622 544 (704l50),
649 498 707 544 qui
731 499 809 545 quis
833 499 938 536 fuerit
962 491 1185 546 ignoratur22)
1226 501 1318 536 Nam
1343 502 1387 536 ad
1412 501 1473 536 Cn.
1500 500 1701 536 Sallustium

113 555 287 591 Ciceronis
321 555 467 592 amicum
502 555 662 592 acerbam
696 555 790 592 illam
821 556 1004 603 epistulam
1037 558 1202 605 scriptam
1235 569 1330 602 esse,
1368 559 1460 605 quod
1485 557 1632 596 Orellius
1665 558 1701 594 in

112 615 277 649 onomast.
303 624 329 648 s.
355 624 384 649 v.
410 616 445 649 et
469 613 569 649 Klotz
601 613 637 649 in
670 613 892 660 inscriptione
926 617 973 661 (p.
998 616 1320 663 433significant.
1359 616 1451 652 credi
1487 616 1544 651 vix
1577 618 1699 661 potest.

110 671 165 707 Ad
202 672 359 707 nostrum
398 672 521 707 autem
546 670 582 706 C.
608 670 810 710 Salustium,
833 672 863 708 si
899 673 1028 720 scripta
1064 676 1118 710 est
1143 685 1188 711 -ea
1221 673 1386 721 epistula,
1423 674 1458 710 id
1492 674 1584 720 quod
1621 684 1697 720 ego,

112 729 268 774 quamvis
293 729 380 764 bene
405 740 461 764 res
487 731 829 774 congruanttamen
854 731 1002 767 maxime
1026 732 1266 774 dubitaverim,
1293 732 1491 768 testimonio
1516 734 1570 767 est
1586 731 1700 767 cuius-

110 786 194 823 libet
218 786 266 822 rei
292 785 480 832 periculum
507 786 630 823 fecisse
656 786 843 824 Salustium
868 788 1024 825 Caesaris
1047 801 1159 826 causa.
1209 789 1300 826 Nam
1326 790 1416 836 quod
1441 790 1484 826 de
1509 789 1699 826 rationibus

110 844 260 879 ferendis
297 844 340 889 (ξ.
368 844 413 886 2.)
447 843 557 889 iisque
596 844 773 879 mittendis
804 846 848 890 (ξ.
873 845 939 888 4.),
976 847 1020 882 de
1045 847 1247 882 drachmum
1274 846 1455 884 CCCIOOO
1480 847 1699 882 commodan-

109 901 161 937 dis
208 912 249 936 ex
295 901 437 947 pecunia
488 900 642 947 publica,
692 903 735 938 de
779 902 972 949 legionibus
1021 906 1077 950 (ex
1114 904 1236 949 Gallia)
1281 905 1317 940 in
1363 904 1499 951 Syriam
1549 904 1698 941 decretis

109 959 150 1003 (ξ.
179 959 244 1000 5.),
271 959 314 992 de
340 959 635 993 commendatione
661 960 701 993 ad
728 960 890 995 Bibulum
915 963 961 1006 (ξ.
988 964 1031 1003 6.)
1056 963 1252 1007 scripserat,
1278 964 1371 997 certe
1398 962 1427 996 si
1453 962 1594 1006 scripsit
1617 972 1697 996 cum

109 1026 189 1051 suae
215 1014 348 1062 inopiae
373 1014 536 1052 levandae
563 1026 664 1052 causa
690 1019 761 1053 tum
788 1017 954 1063 maxime,
984 1021 1023 1055 ut
1048 1018 1247 1056 Ciceronem
1272 1020 1307 1055 et
1331 1018 1493 1055 Bibulum
1518 1018 1554 1055 in
1579 1018 1699 1055 discri-

108 1084 185 1108 men
221 1074 407 1109 adduceret
435 1084 544 1119 eoque
570 1073 750 1110 Caesarem
775 1076 925 1118 iuvaret,
958 1088 1001 1112 ex
1027 1077 1192 1114 Cicerone
1218 1078 1397 1123 quaesivit.
1448 1076 1541 1120 Quae
1566 1077 1595 1111 si
1620 1077 1698 1122 quis

106 1130 320 1176 probaverit,
359 1130 545 1167 Salustium
581 1142 601 1167 a
634 1142 752 1168 mense
777 1132 972 1179 Septembri
998 1134 1125 1181 703s51
1163 1145 1271 1181 usque
1297 1135 1340 1170 ad
1365 1144 1520 1171 mensem
1546 1134 1698 1170 Novem-

107 1189 202 1225 brem
214 1189 241 1231 ⁶¹)
277 1189 408 1235 704s5o
443 1190 478 1225 in
504 1190 604 1235 Syria
637 1190 744 1225 fuisse
777 1194 906 1227 statuet
937 1203 1048 1238 neque
1074 1193 1271 1228 interfuisse
1297 1193 1331 1228 in
1357 1192 1424 1228 illis
1450 1192 1697 1227 inimicissimis

57 1258 70 1275 ο
106 1245 339 1288 relationibus,
365 1257 450 1292 quas
477 1247 519 1282 de
543 1246 687 1283 Caesare
713 1247 834 1284 habuit
850 1248 897 1285 M.
915 1249 1076 1285 Claudius
1097 1249 1282 1286 Marcellus
1308 1250 1472 1285 adversus
1497 1248 1554 1285 ille
1577 1249 1697 1284 consul

106 1303 184 1338 anni
212 1304 350 1350 703l5l,
377 1306 515 1350 postero
541 1315 629 1340 anno
656 1304 691 1340 C.
715 1304 877 1342 Claudius
897 1306 1092 1349 Marcellus,
1119 1307 1188 1353 qui,
1215 1318 1294 1343 cum
1316 1307 1471 1343 Caesaris
1492 1309 1696 1353 proneptem

104 1360 249 1395 haberet
272 1372 424 1404 uxorem,
452 1362 483 1397 ei
510 1365 624 1397 tamen
650 1362 907 1399 inimicissimus
932 1364 1005 1400 fuit
1047 1364 1116 1400 Sed
1142 1365 1265 1410 prioris
1291 1364 1446 1400 Marcelli
1471 1363 1696 1399 relationibus

104 1418 230 1452 restitit
255 1418 457 1464 Pompeius,
493 1419 694 1464 posterioris
720 1419 754 1455 G.
781 1420 979 1457 Scribonius
1005 1421 1106 1457 Curio
1133 1424 1174 1457 tr.
1201 1421 1257 1467 pl.,
1285 1433 1386 1467 quem
1413 1421 1538 1457 Caesar
1563 1421 1696 1467 ingenti

104 1476 261 1511 mercede
287 1476 329 1511 ad
355 1486 392 1511 se
420 1477 630 1513 traduxerat.
665 1477 700 1513 Is
727 1478 864 1514 tandem
890 1489 1009 1515 mense
1033 1479 1132 1515 Iunio
1157 1480 1286 1525 704s50
1311 1479 1516 1515 sententiam
1542 1478 1695 1524 pertulit,

103 1535 140 1566 ut
164 1533 284 1567 eodem
310 1533 365 1568 die
390 1536 425 1568 et
450 1533 575 1569 Caesar
603 1537 638 1569 et
663 1535 847 1580 Pompeius
882 1536 1067 1580 provinciis
1093 1525 1300 1571 decederent
1325 1538 1359 1570 et
1383 1535 1554 1571 exercitus
1580 1535 1696 1570 dimit-

103 1591 225 1630 terent,
252 1601 320 1635 quo
337 1590 547 1636 compositae
561 1591 764 1627 videbantur
783 1602 858 1628 esse
877 1591 1112 1637 simultates-²³)
1137 1593 1280 1629 Interim
1296 1603 1414 1629 mense
1428 1592 1519 1628 Maio
1535 1592 1693 1638 (704s50)

102 1646 205 1681 creati
232 1649 313 1682 sunt
337 1659 497 1683 censores
522 1648 559 1684 L.
585 1648 791 1694 Calpurnius
816 1648 906 1690 Piso,
934 1650 1089 1686 Caesaris
1114 1662 1134 1685 a
1160 1650 1256 1685 cuius
1282 1650 1436 1695 partibus
1462 1650 1560 1686 stetit
1584 1661 1693 1692 socer,

100 1705 135 1737 et
159 1703 293 1749 Appius
320 1704 480 1741 Claudius
510 1705 664 1748 Pulcher,
691 1706 750 1752 qui
776 1717 795 1741 a
820 1706 962 1752 Pompei
987 1707 1143 1753 partibus
1169 1707 1273 1744 stetit.
1313 1706 1482 1751 Quicum
1501 1706 1694 1744 Salustium

101 1763 219 1797 senatu
245 1762 429 1806 moverint,
456 1763 651 1800 accuratius
677 1763 712 1800 in
738 1775 855 1801 eorum
882 1764 1023 1801 consilia
1047 1765 1290 1812 inquirendum
1314 1776 1391 1802 esse
1417 1764 1517 1803 nobis
1546 1765 1692 1802 videtur.

338 1866 445 1922 Cap.
477 1867 532 1910 X
579 1868 674 1912 Cur
705 1869 876 1912 senatu
904 1870 1059 1914 motus
1088 1868 1155 1914 sit
1182 1868 1453 1915 Salustius?

212 1952 348 1997 Optime
366 1953 409 1989 de
429 1952 494 1989 hac
516 1954 716 2001 quaestione
742 1955 850 1990 refert
864 1954 930 1990 Dio
944 1953 1082 1991 Cassius
1099 1956 1156 1999 40,
1176 1957 1221 1992 63
1239 1967 1310 2002 sq:
1335 1954 1476 2004 τιμηταὶ
1492 1955 1552 1990 τὼ
1572 1955 1695 2003 χρόνον

97 2008 220 2042 τοῦτον
251 2006 272 2043 ὃ
303 2022 342 2044 τε
358 2007 543 2053 ·Κλαύδιος
567 2011 586 2045 ὃ
602 2007 771 2054 ’Ἀππιος
803 2010 859 2046 καὶ
889 2012 909 2046 ὁ
935 2008 1078 2056 Πίσων,
1090 2010 1204 2048 καίτοι
1228 2013 1280 2061 μη
1300 2012 1491 2062 βουληθεις
1515 2011 1692 2060 ἐγένοντο.

97 2062 152 2099 καί
178 2059 278 2109 οὗτος
301 2065 365 2112 μὲν
389 2067 449 2103 διὰ
471 2081 536 2116 την
559 2066 753 2115 συγγένειαν
776 2068 912 2118 ὑπῆρχε
936 2082 986 2117 τῳ
999 2067 1181 2118 Καίσαρι,
1206 2070 1227 2106 ὁ
1251 2069 1291 2106 δὲ
1314 2070 1359 2119 δή
1386 2070 1562 2113 Κλαύδιος
1586 2071 1693 2119 ἠναν-

96 2122 212 2156 τιοῦτο
236 2122 300 2169 μὲν
324 2124 426 2173 αὐτῶ,
452 2125 496 2161 τὰ
519 2126 582 2194 γὰρ
606 2127 668 2161 τοῦ
695 2124 886 2176 Πομπηιου
910 2124 1035 2176 ᾐρεῒτό,
1061 2128 1125 2163 οὐκ
1147 2126 1267 2173 ἕλάχισ
1292 2127 1376 2164 vadii
1400 2127 1460 2164 καὶ
1486 2124 1577 2163 ἄκων
1598 2126 1693 2177 ὠφέ-

98 2177 195 2226 λησε.
221 2179 442 2225 πλείστους
432 2183 495 2232 γὰρ
518 2182 576 2219 καὶ
599 2185 667 2218 ’τῶν
687 2181 837 2219 ἱππέων
844 2198 902 2220 και
917 2188 986 2220 τῶν
1000 2185 1196 2230 βουλευτῶν
1214 2183 1410 2234 διέγραψεν,
1435 2184 1689 2232 ἐκβιασάμενος

97 2236 155 2269 τον
163 2239 383 2310 συνάρχοντα,
400 2240 465 2275 κάκ
477 2241 602 2276 τούτου
618 2241 681 2276 ma
685 2254 765 2284 ντας
777 2242 901 2284 αὐτούς
917 2242 962 2277 τὰ
976 2244 1038 2277 τοῦ
1051 2240 1227 2291 Καίσαρος
1234 2244 1375 2292 φρονεῖν
1387 2241 1571 2292 ἐποίησεν.
1589 2244 1609 2278 ὁ
1624 2244 1691 2291 γάρ

98 2289 218 2329 Πίσων
234 2292 308 2332 οὔτ’
325 2293 437 2341 άλλως
452 2298 627 2366 πράγματ’
636 2296 726 2344 «εἶ-’χειν
741 2297 876 2336 ἐθέλων
892 2298 949 2336 καὶ
967 2300 1061 2369 πρόςἱ
1072 2301 1136 2350 την
1151 2302 1213 2337 τοῦ
1226 2303 1381 2350 γαμβροῦ
1394 2298 1515 2350 φιλίαν
1529 2301 1686 2346 πολλοὺς

94 2351 301 2397 θεραπεύων
324 2355 427 2397 αὐτος
450 2354 514 2401 μὲν
538 2355 638 2391 οὐδὲν
662 2358 820 2392 τοιοῦτον
844 2355 1018 2406 ἐποίησεν,
1044 2355 1161 2405 ἐκείνω
1186 2357 1226 2394 δὲ
1252 2359 1315 2394 οὐκ
1337 2357 1530 2407 ἆνεέπραξε
1552 2359 1688 2402 πάντας

216 2440 240 2477 ¹)
262 2441 296 2470 cf.
318 2442 420 2480 Helwiss
440 2452 466 2480 p.
487 2444 532 2473 29.

210 2488 232 2522 2)
254 2490 285 2517 nd
307 2490 368 2519 fam.
390 2491 416 2525 2,
439 2492 473 2519 16

208 2535 231 2572 ⁸)
252 2537 376 2575 Metzger,
396 2539 563 2568 siimmtliche
584 2539 671 2569 Briefe
691 2539 819 2577 Cicero's,
842 2540 990 2572 iibersetzt.
1029 2540 1168 2580 Stuttgart,
1188 2542 1337 2572 Hoffmann.
1361 2542 1445 2572 1868.
1472 2542 1500 2572 ll.
1519 2542 1548 2571 B.
1569 2551 1595 2583 p.
1618 2542 1693 2573 220·

210 2583 233 2622 ⁴)
255 2585 309 2616 Cic.
329 2588 383 2617 Ait.
406 2588 431 2622 7,
452 2589 479 2623 5,
499 2589 526 2618 6.

208 2630 231 2666 ⁸)
251 2632 334 2673 tang.
355 2634 396 2665 ιιι
417 2635 482 2665 587.
