1873 2859
1209 0 1214 7 ο
1239 0 1395 16 υτνμᾼνψτν
1476 0 1492 14 f:
1517 0 1555 10 ’τ’
1568 0 1615 17 ⁷70!

126 178 138 218 ἦ
160 174 373 212 ”anditione
398 174 490 211 enim
514 183 675 221 repressa
698 170 825 223 Caesar
857 174 922 210 sub
948 173 1054 218 finem
1078 172 1159 210 anni
1184 171 1313 219 707s47
1346 173 1451 219 (inter
1483 173 1603 212 XVIII
1643 175 1680 210 et

85 236 116 272 V
136 231 219 271 Kal.
239 230 327 276 Iam.)
353 231 388 268 in
412 230 569 268 Africam
582 231 729 267 v‘traiecit
760 231 877 278 ibique
901 231 1063 267 continuo
1087 242 1171 267 usus
1197 232 1250 266 est
1279 230 1406 267 Salusti
1439 242 1552 278 opera.
1586 231 1679 268 Nam

52 338 55 339 ⁷
84 292 149 330 ubi.
165 285 236 327 IHI
255 289 351 326 Non.
377 289 554 326 Ianuarias
579 289 737 336 pervenit
762 290 804 325 ad
830 289 996 336 oppidum
1020 289 1158 335 Leptim
1184 291 1220 326 et
1246 289 1434 325 secundum
1459 289 1541 326 litus
1566 290 1706 326 castra·

84 347 198 397 posuit
210 347 240 393 ¹)
265 358 307 382 ex
331 357 372 382 eo
396 347 471 382 loco
498 347 555 389 „C.
582 346 770 382 Salustium
795 346 957 392 Crispum
982 347 1026 382 ad
1051 346 1230 383 Cercinam
1253 346 1402 382 insulam
1419 358 1549 391 versus,
1576 358 1681 395 quam

85 403 270 444 adversarii
295 404 468 447 tenebant,
495 415 574 440 cum
599 405 696 450 parte
721 404 861 440 navium
886 404 936 439 ire
969 404 1075 446 iubet,
1102 404 1193 450 quod
1226 404 1272 440 ibi
1308 415 1472 450 magnum
1496 415 1680 441 numerum

85 461 248 500 frumenti
273 472 349 505 esse
376 461 544 497 audiebat.
558 461 653 496 Haec
677 462 725 496 ita
738 461 943 507 imperabat,
962 461 1010 496 ita
1031 461 1214 507 unicuique
1241 463 1287 504 (et
1311 462 1441 497 nuntiis
1466 462 1501 497 in
1526 455 1686 499 Siciliam

83 519 196 558 missis
222 520 257 555 et
281 517 419 555 Rabirio
444 521 479 555 et
504 518 669 565 Salustio)
693 518 935 565 praecipiebat,
962 519 1011 554 uti
1036 518 1111 554 fieri
1137 521 1255 565 posset
1279 529 1387 555 necne
1426 518 1539 554 locum
1573 530 1679 555 excu-

84 578 168 615 satio
193 576 324 613 nullum
348 577 493 613 haberet
524 588 588 612 nec
621 587 754 612 moram
781 576 1020 623 tergiversatio
1033 576 1074 624 ²).
1111 576 1220 621 Quam
1245 588 1319 613 rem
1346 578 1380 612 et
1405 577 1679 614 adversariorum

83 634 216 683 ignavia
229 636 264 670 et
277 645 339 670 sua
355 635 480 671 virtute
494 635 580 671 bene
598 633 718 681 gessit.
741 630 886 677 „Paucis
911 635 1031 680 (enim)
1055 637 1134 681 post
1154 636 1274 671 diebus
1301 634 1335 671 C.
1353 635 1521 671 Salustius
1535 634 1678 681 Crispus

84 693 260 730 Cercinam
285 693 451 738 pervenit.
479 692 583 728 Cuius
609 693 758 728 adventu
783 692 819 728 C.
847 692 1024 730 Decimius
1050 694 1276 739 quaestorius,
1292 693 1350 739 qui
1376 693 1423 728 ibi
1449 703 1528 728 cum
1552 692 1676 739 grandi
1718 691 1721 692 ⁷

82 750 229 787 familiae
254 760 335 785 suae
360 750 531 795 praesidio
556 751 714 795 praeerat
731 750 948 792 commeatui,
974 750 1155 795 parvulum
1174 751 1350 796 navigium
1368 752 1489 785 nactus
1517 760 1680 786 conscen-

83 808 132 844 dit
156 818 194 842 ae
221 817 258 842 se
293 807 394 853 fugae
429 798 656 842 commendat.
693 806 862 842 Salustius
897 808 1035 842 interim
1061 809 1198 852 praetor
1224 819 1242 842 a
1268 807 1494 843 Cercinitanis
1519 809 1679 853 receptus

82 875 206 911 magno
245 875 388 900 numero
427 864 592 899 frumenti
629 864 768 900 invento
807 875 911 900 naves
950 864 1134 906 onerarias,
1174 875 1319 910 quarum
1355 865 1402 900 ibi
1436 865 1519 900 satis
1552 874 1679 910 magna

83 922 178 968 copia
203 921 278 963 fuit,
306 921 455 967 complet
480 923 581 966 atque
607 921 642 956 in
668 923 781 956 castra
807 922 849 956 ad
867 921 1050 957 Caesarem
1075 922 1252 967 mittit“.³)
1278 922 1356 967 Ipse
1382 922 1489 968 igitur
1507 921 1677 957 Salustius

83 990 160 1015 cum
184 990 353 1025 nusquam
380 978 469 1016 bello
504 978 701 1014 interfuisse
740 981 959 1022 memoretur,
1000 979 1097 1014 iussu
1130 978 1285 1015 Caesaris
1319 978 1497 1014 Cercinam
1531 978 1678 1014 insulam

81 1038 380 1083 peropportunam,
414 1039 453 1071 ut
486 1039 597 1071 castra
633 1039 667 1071 et
692 1037 862 1072 exercitus
888 1048 907 1071 a
932 1037 1075 1073 meridie
1109 1039 1263 1073 tueretur
1297 1039 1399 1082 atque
1436 1038 1677 1078 commeatum,

82 1106 147 1140 quo
174 1094 379 1136 abundabat,
404 1094 649 1139 suppeditaret,
681 1105 760 1128 cum
786 1093 915 1139 aliquot
941 1094 1084 1129 navibus
1111 1095 1152 1129 ab
1178 1094 1336 1129 hostibus
1363 1094 1559 1130 defendisse
1585 1093 1678 1129 vide-

83 1154 136 1186 tur
161 1161 268 1196 eoque
294 1150 407 1185 officio
433 1151 569 1186 Caesari
596 1151 815 1186 satisfecisse.
855 1151 965 1186 Victis
992 1151 1083 1186 enim
1120 1150 1245 1187 Caesar
1270 1151 1354 1186 VIII
1379 1151 1429 1187 Id.
1466 1151 1563 1197 Apr.,
1591 1161 1678 1197 quas

82 1208 194 1254 Scipio
220 1210 254 1244 et
278 1208 363 1244 Iuba
388 1209 432 1243 ad
450 1208 627 1254 Thapsum
653 1210 847 1254 coegerant,
875 1208 982 1253 copiis
1007 1208 1215 1254 reliquisque
1233 1208 1392 1244 hostibus
1410 1210 1469 1244 aut
1485 1208 1676 1244 interfectis

81 1268 138 1301 aut
162 1266 290 1312 fugatis
325 1276 390 1308 „ex
414 1276 521 1311 regno
533 1266 561 1309 4)
600 1266 787 1311 proviciam
800 1267 827 1310 ⁵)
857 1266 943 1316 fecit
976 1268 1078 1312 atque
1112 1266 1160 1301 ibi
1194 1265 1353 1312 Crispum
1393 1265 1580 1301 Salustium
1614 1273 1687 1311 pro‘

82 1322 218 1359 consule
243 1334 322 1358 cum
347 1323 479 1368 inperio
504 1322 676 1368 reliqmt‘z
691 1324 717 1365 ὃ)
747 1323 896 1359 Salustio
913 1323 1035 1358 Zamae
1060 1323 1180 1359 relicto
1200 1323 1324 1359 Caesar
1345 1324 1481 1359 Vticam
1497 1334 1533 1359 se
1548 1323 1679 1369 recepit

81 1381 204 1426 ibique,
251 1382 434 1427 postquam
476 1381 634 1427 ingentes
669 1380 794 1415 multas
829 1381 993 1426 imposuit
1026 1380 1232 1423 civitatibus,
1267 1380 1385 1416 Idibus
1419 1380 1492 1416 Iun.
1530 1380 1676 1416 classem

81 1438 279 1473 conscendit
305 1440 339 1473 et
364 1449 391 1473 a.
418 1439 450 1473 d.
478 1438 509 1472 V
534 1437 608 1473 Kal.
637 1438 729 1473 Sext.
762 1439 804 1473 ad
828 1439 950 1473 urbem
988 1438 1133 1473 Romam
1168 1439 1261 1481 venit
1294 1438 1386 1482 (bell.
1413 1438 1487 1473 Afr.
1522 1438 1579 1474 97.
1607 1437 1677 1482 98.)
1730 1453 1732 1455 ·

81 1494 268 1531 Salustium
293 1495 399 1541 igitur
425 1507 444 1531 a
469 1506 587 1531 mense
612 1495 710 1531 Iunio
739 1494 867 1542 708s46
893 1506 1001 1541 usque
1040 1496 1103 1531 sub
1135 1495 1240 1531 finem
1274 1495 1353 1530 anni
1389 1494 1517 1541 709s45
1556 1494 1678 1529 Nomi-

80 1552 171 1588 diam
195 1552 406 1598 provinciam
432 1553 690 1587 administrasse
705 1553 925 1587 statuendum
946 1555 1008 1587 est.
1035 1552 1126 1596 Quae
1153 1552 1413 1595 administratio,
1442 1563 1521 1588 cum
1546 1562 1674 1597 magno

79 1609 200 1646 honori
225 1612 318 1646 esset
343 1609 502 1653 Salustio,
528 1610 653 1656 quippe
679 1620 746 1656 qua
771 1610 891 1656 quanti
916 1620 996 1645 eum
1021 1610 1142 1646 fecerit
1168 1609 1295 1645 Caesar
1321 1609 1544 1645 manifestum
1561 1608 1671 1651 fieret,

79 1669 192 1703 tamen
217 1678 296 1703 cum
321 1678 447 1713 magna
472 1668 503 1703 ei
528 1678 569 1703 ex
603 1678 642 1702 ea
670 1668 833 1712 {oreretur
866 1668 1003 1709 invidia,
1030 1679 1099 1703 non
1124 1668 1247 1703 minori
1286 1668 1351 1702 tuit
1383 1667 1553 1703 dedecori.
1587 1667 1677 1703 Fue-

78 1726 158 1760 runt
183 1725 275 1761 enim
300 1725 359 1771 qui
384 1736 463 1761 eum
489 1726 674 1772 arguerent
699 1736 767 1760 non
793 1724 877 1760 satis
901 1718 1056 1772 legitime
1082 1725 1117 1760 in
1142 1735 1182 1760 ea
1208 1725 1273 1760 sibi
1291 1735 1434 1771 magnas
1453 1734 1672 1770 comparasse

78 1782 212 1817 divitias
251 1783 403 1828 adeoque
442 1783 711 1828 repetundarum
748 1782 913 1818 iudicium
951 1783 1007 1818 vix
1045 1782 1217 1829 effugisse.
1264 1781 1374 1826 Quare
1407 1781 1507 1828 paulo
1532 1781 1673 1817 uberius

78 1839 120 1875 de
145 1850 185 1875 ea
210 1839 431 1876 disseremus.

78 1942 183 1999 Cap.
214 1943 342 1987 XIII.
365 1944 605 1996 Quomodo
635 1944 928 1999 provinciam
960 1943 1372 1987 administraverit
1400 1918 1679 1987 Salustius?-

192 2022 458 2059 Vetustissimus
484 2022 587 2058 huius
613 2022 662 2059 rei
699 2022 797 2058 testis
833 2024 886 2058 est
919 2023 1037 2057 auctor
1071 2009 1276 2064 invectivae,
1311 2020 1369 2067 qui
1401 2019 1457 2056 his
1490 2019 1605 2056 verbis
1639 2019 1676 2055 in

79 2077 266 2114 Salustium
291 2080 467 2115 invehitur
502 2081 548 2124 (7,
578 2081 620 2115 19
646 2080 759 2124 Iord):
796 2080 844 2114 At
869 2082 989 2124 postea
1014 2091 1118 2124 quam
1143 2082 1281 2124 praetor
1306 2082 1358 2114 est
1375 2079 1496 2121 factus,
1515 2078 1672 2114 modeste

78 2145 114 2171 se
140 2136 250 2182 gessit
274 2138 309 2173 et
333 2136 557 2173 abstinenter.
584 2147 653 2172 non
677 2136 725 2171 ita
750 2136 962 2182 provinciam
987 2136 1143 2178 vastavit,
1170 2138 1209 2170 ut
1233 2135 1319 2170 nihil
1345 2145 1454 2181 neque
1480 2135 1574 2181 passi
1599 2134 1671 2170 sint

78 2202 188 2238 neque
212 2195 487 2240 exspectaverint
512 2196 650 2240 gravius
676 2194 711 2229 in
736 2194 825 2229 bello
851 2194 935 2229 socii
960 2195 1080 2237 nostri,
1107 2205 1211 2240 quarn
1245 2194 1376 2239 experti
1411 2194 1493 2229 sunt
1525 2192 1562 2228 in
1586 2202 1673 2239 pace

156 2299 178 2337 ι)
198 2300 260 2329 ben.
282 2301 334 2329 Afr.
358 2301 383 2328 7.

156 2347 179 2383 ²)
200 2348 262 2376 ben.
284 2349 337 2376 arr.
360 2358 381 2376 c.
404 2350 429 2376 8.
451 2350 518 2377 Male
539 2349 613 2376 addit
633 2348 760 2376 Gerlach²
781 2357 840 2385 pag.
862 2349 905 2375 17.
926 2357 982 2384 cap.
1006 2348 1050 2375 ss».

155 2395 176 2431 8)
198 2396 224 2424 b.
245 2397 297 2425 Afr.
320 2397 364 2425 5⁴.

155 2443 178 2481 ⁴)
199 2445 286 2474 lubae.
306 2446 476 2474 Masanassae
495 2444 589 2490 (Ῑόβα
606 2444 787 2490 συμμάχου)
808 2445 882 2482 regni
904 2448 1006 2482 partem
1028 2444 1102 2472 dedit
1121 2444 1188 2472 sitio
1210 2443 1371 2471 Catilinario.
1399 2444 1466 2480 App.
1487 2442 1513 2470 b.
1536 2452 1559 2471 c.
1581 2442 1608 2477 4,
1631 2442 1677 2471 54.

156 2491 178 2527 ⁵)
200 2493 349 2521 Numidiam
370 2506 404 2517 =
425 2494 539 2521 Africam
559 2503 666 2522 novam.
688 2493 735 2521 Dio
757 2493 784 2521 C.
806 2494 850 2526 45,
873 2495 898 2526 9,
918 2494 944 2520 4.
976 2495 1041 2528 App.
1062 2492 1088 2519 b.
1111 2492 1160 2519 civ.
1182 2492 1208 2525 4,
1231 2492 1275 2518 55.

156 2539 178 2576 ⁸)
199 2540 262 2569 bell.
283 2541 336 2570 Ast.
357 2542 401 2575 97,
422 2541 471 2569 Dio
493 2540 521 2569 C.
542 2541 588 2575 45,
611 2541 636 2575 9,
658 2540 675 2567 2
696 2550 736 2577 sq.
765 2541 831 2577 App.
854 2540 877 2568 b.
899 2549 922 2567 c.
945 2540 970 2574 2,
993 2539 1062 2567 100:
1087 2540 1139 2572 καὶ
1165 2538 1222 2582 τήν
1247 2538 1348 2583 ἀρχήν
1365 2537 1422 2582 τήν
1437 2537 1524 2582 Ἰόβα
1541 2540 1673 2582 Καῖσαρ

79 2584 218 2631 ὑποτελῆ
241 2588 413 2632 Ῥωμαίοις
436 2591 586 2633 ἐποίησεν
611 2587 694 2632 αὐτῇ
718 2587 924 2622 Σαλούστιον
949 2589 1102 2632 Κρίσπον
1126 2585 1374 2632 ἐγκαταστήσας.
