1873 2859
1617 0 1665 44 18

89 108 266 162 Κλωδίῳ.)
297 111 337 150 δέ
367 114 430 151 οὐκ
461 110 654 161 ἀντέπραξε
681 109 718 160 (ὃ
743 105 878 158 Πίσων)
910 101 1045 154 πάντας
1067 100 1130 157 μὲν
1153 103 1233 155 τους
1256 102 1294 147 ἔκ
1316 112 1384 147 τῶν
1408 106 1662 160 ὼτελευθέρων,

93 170 237 219 συχνούς
259 168 299 208 δὲ
321 168 379 207 καὶ
401 171 470 206 τῶν
493 170 587 207 πάνυ
609 166 769 221 yemalem
792 165 916 212 αλλους
937 181 976 204 τε
1006 166 1064 205 καὶ
1093 168 1153 205 τὸν
1177 165 1341 218 Κρίσπον
1368 168 1429 205 τόν
1451 168 1663 205 Σαλούστιον

89 232 149 267 τὸν
178 230 241 278 την
272 225 424 277 ἱστορίαν
451 224 635 277 γράψαντα
667 228 880 265 «ἐπελάσαντι
904 225 942 263 ἐκ
964 228 1027 263 τοῦ
1044 224 1227 276 συνεδρίου.
1265 227 1358 265 Nam
1381 230 1416 264 et
1439 239 1561 276 graeco
1585 239 1663 276 pro-

90 288 227 326 nomine
260 282 401 329 αλλος
432 288 467 323 et
497 286 602 322 latino
626 285 752 329 alius,
787 296 889 332 saepe
920 284 1131 332 significatur
1166 286 1206 328 is,
1241 286 1299 331 qui
1331 296 1400 324 non
1432 289 1485 321 est
1509 287 1661 322 eiusdem

91 346 238 394 generis,
263 346 364 392 atque
388 344 422 388 ii,
448 356 468 380 a
491 344 614 391 quibus
638 344 836 382 secernitur.
851 344 876 389 ¹)
924 342 993 381 Sed
1016 342 1118 381 etiam
1143 343 1173 379 si
1197 343 1273 390 quis
1298 341 1483 380 Salustium
1507 354 1527 380 a
1550 342 1661 381 Dione

91 403 165 444 τοῖς
196 398 347 448 γενναίος
380 402 639 437 adnumeratum
671 412 746 437 esse
778 401 965 447 putaverit,
1003 412 1043 436 eo
1075 401 1236 436 vocabulo
1268 412 1337 436 non
1365 402 1525 447 patricios
1557 402 1662 437 immo

91 471 134 497 ne
166 458 296 496 nobiles
329 450 467 506 quidem
499 458 686 505 significari
718 469 796 495 cum
829 469 870 495 ex
902 458 936 493 vi
973 457 1067 494 verbi
1100 460 1173 493 tum
1205 468 1246 494 ex
1282 458 1463 495 verborum
1503 460 1663 494 contextu

90 516 275 563 intelleget.
324 517 439 562 Atque
463 516 514 551 vis
538 516 634 552 verbi
658 518 798 562 apparet
811 526 863 552 .ex
886 515 992 551 Arist.
1016 514 1104 551 rhet.
1130 516 1163 558 2,
1191 516 1254 558 15;
1286 515 1321 551 h.
1345 527 1373 551 a.
1400 517 1429 553 1.
1456 516 1495 552 1:
1527 515 1663 563 εὖγενὴς

91 574 132 610 τὸ
155 571 194 618 ἐξ
220 572 355 620 ἀγαθοῦ
386 570 519 620 γένους,
560 573 771 620 γενναῖον
805 572 846 608 τὸ
882 572 931 621 μή
966 570 1189 618 ἐξιστάμενον
1224 569 1262 607 ἐκ
1296 572 1358 621 τῆς
1395 571 1500 608 αὑτοῦ
1529 583 1655 621 φσεως,

91 634 269 669 contextus
293 635 407 667 autem
439 632 620 667 verborum
652 632 681 666 is
716 634 778 675 est,
811 633 850 666 ut
881 631 972 666 πᾶσι
1002 630 1077 672 τοῖς
1107 627 1145 664 ἐκ
1178 627 1419 677 ἀπελευθέρων
1450 633 1663 677 opponantur

92 689 189 735 quasi
213 686 331 732 συχνοὶ
353 688 421 722 τῶν
452 687 545 723 πάνυ
576 685 735 733 γενναίων
766 690 801 723 et
832 688 917 723 haec
949 686 1021 723 mre
1045 698 1120 724 esse
1145 688 1298 724 videatur
1322 687 1442 723 Dionis
1474 689 1660 724 sententia:

90 746 241 792 Appium
265 744 443 782 Claudium
474 756 542 782 non
574 745 685 782 solum
717 755 835 781 omnes
866 744 1043 781 libertinos
1076 745 1136 781 sed
1174 745 1277 781 etiam
1300 744 1426 781 multos
1450 745 1587 781 omnino
1611 746 1662 781 in-

90 813 220 851 genuos
238 813 316 838 cum
333 801 415 838 alios
433 804 506 837 tum
524 802 710 838 Salustium
726 801 884 848 Crispum
901 803 1020 837 senatu
1036 802 1192 837 movisse.
1217 802 1291 837 Hoc
1312 802 1416 849 igitur
1431 802 1551 838 Dionis
1568 803 1663 838 testi-

88 861 201 898 monio
226 872 335 908 neque
359 860 511 907 patriciis
528 871 637 907 neque
654 860 834 903 nobilibus,
860 860 921 896 sed
937 859 1094 907 ingenuis
1111 859 1192 896 viris
1205 859 1313 907 iisque
1326 859 1426 896 claris
1452 862 1553 907 atque
1569 859 1662 897 illus-

90 919 208 961 tribus,
223 919 281 963 qui
294 919 386 954 idem
398 917 632 964 significantur
645 919 748 953 verbo
760 917 913 963 γενναῖος
926 917 1029 962 (Gerl.
1045 929 1079 964 p.
1093 918 1201 963 XIII),
1221 920 1463 954 annumeratur
1483 918 1660 954 Salustius.

206 983 303 1029 Quod
327 986 441 1021 autem
466 984 548 1020 dicit
571 984 620 1020 Io.
648 983 768 1030 Chrys.
794 983 916 1020 Soldus
933 983 960 1029 ἲ)
987 983 1176 1027 „Salustius
1201 984 1284 1020 civis
1298 984 1470 1020 Romanus
1492 984 1659 1021 Senatorii

96 1043 224 1078 ordinis
248 1042 346 1085 fuit,“
372 1043 407 1077 id
431 1054 499 1078 non
524 1043 567 1078 ad
590 1053 699 1088 genus
732 1042 913 1087 patricium
945 1053 1055 1087 neque
1088 1042 1130 1077 ad
1163 1042 1365 1088 dignitatem
1398 1042 1565 1079 maiorum
1599 1043 1660 1079 sed

91 1100 134 1135 ad
160 1099 267 1146 ipsius
293 1098 419 1135 Salusti
443 1099 645 1145 dignitatem
670 1109 712 1134 ex
735 1098 992 1145 magistratibus
1017 1100 1191 1144 acceptam
1215 1099 1430 1135 referendum
1455 1110 1530 1135 esse
1566 1102 1659 1145 puto.

206 1166 328 1212 Neque
352 1166 489 1212 gravius
515 1168 568 1201 est
591 1165 686 1201 Petri
710 1164 830 1201 Criniti
862 1165 1112 1208 testimonium,
1139 1166 1197 1211 qui
1213 1166 1240 1211 ³)
1278 1166 1526 1210 „Salustiorum
1557 1166 1655 1202 fami-

88 1223 169 1259 liam
192 1224 250 1259 diu
274 1224 310 1259 in
335 1223 483 1259 secundo
508 1222 625 1259 ordine
651 1222 852 1269 dignitatem
889 1225 1065 1258 servasse“
1091 1222 1182 1258 dicit.
1233 1223 1388 1260 Secundo
1413 1224 1504 1260 enim
1540 1224 1657 1260 ordine

88 1293 155 1318 non
189 1281 292 1318 alium
323 1281 390 1317 nisi
424 1282 615 1327 equestrem
650 1280 804 1317 ordinem
841 1276 1027 1327 significari
1050 1282 1143 1327 puto.
1191 1280 1307 1328 Atque
1331 1281 1499 1329 equestris
1532 1282 1660 1319 ordinis

90 1339 196 1375 fuisse
220 1341 375 1375 nostrum
400 1338 586 1374 Salustium
623 1337 765 1373 forsitan
797 1348 839 1375 ex
871 1348 911 1374 eo
936 1338 1012 1384 quis
1037 1338 1234 1382 coniecerit,
1260 1340 1351 1385 quod
1376 1340 1524 1383 „sororis
1549 1351 1652 1387 nepo-

89 1399 158 1432 tem
182 1397 332 1442 equestri
358 1398 470 1432 ortum
494 1395 590 1431 loco“
617 1395 699 1430 dicit
723 1395 859 1431 Tacitus
886 1397 953 1441 (an.
980 1396 1012 1439 3,
1039 1397 1109 1440 30).
1160 1396 1227 1432 Sed
1252 1397 1281 1432 si
1305 1398 1527 1443 reputaveris,
1554 1408 1658 1444 quam

88 1464 190 1500 parce
214 1454 327 1491 verbis
352 1464 434 1489 usus
471 1453 517 1488 sit
541 1452 696 1496 Tacitus,
731 1463 773 1489 ex
805 1463 845 1489 eo
878 1451 975 1489 facile
1011 1452 1209 1500 intelleges,
1242 1453 1332 1489 illius
1364 1454 1510 1491 maiores
1543 1466 1654 1502 neque

91 1512 238 1549 eundem
261 1522 371 1558 neque
397 1510 550 1546 altiorem
575 1510 711 1557 generis
735 1512 794 1546 aut
818 1510 995 1557 dignitatis
1019 1510 1132 1546 locum
1156 1511 1353 1548 obtinuisse.

212 1577 308 1622 Quod
333 1578 477 1624 denique
502 1577 562 1613 Dr.
589 1577 628 1613 G.
654 1576 817 1620 Mollerus
828 1577 856 1622 4)
884 1576 1131 1620 „Salustiorum
1163 1580 1301 1624 gentem
1325 1578 1452 1615 Romae
1485 1580 1657 1625 quondam

88 1636 193 1673 fuisse
202 1635 470 1683 amplissimam“
480 1635 571 1678 dicit,
587 1635 616 1670 si
624 1645 749 1682 genere
763 1636 821 1670 aut
834 1634 998 1682 dignitate
1012 1634 1256 1681 amplissimam
1268 1635 1361 1679 dicit,
1371 1636 1440 1672 iam
1456 1636 1655 1683 negavimus

88 1694 140 1737 iis,
167 1704 252 1740 quae
277 1694 378 1729 modo
403 1693 630 1739 exposuimus,
658 1693 711 1728 sin
734 1693 877 1738 pecunia
901 1695 960 1728 aut
982 1692 1119 1736 familia,
1145 1693 1234 1728 infra
1257 1704 1475 1739 exponemus.
1512 1694 1656 1740 Amplas

90 1752 180 1787 enim
205 1750 339 1787 divitias
363 1750 524 1787 habuisse
548 1750 657 1786 nostri
681 1749 807 1786 Salusti
832 1750 995 1786 familiam
1019 1761 1097 1786 cum
1122 1761 1162 1786 ex
1186 1761 1244 1794 eo,
1271 1751 1362 1797 quod
1386 1751 1511 1787 sororis
1550 1762 1656 1797 nepos

88 1809 237 1855 equestri
261 1808 334 1845 loco
360 1811 453 1844 ortus
478 1810 540 1851 est,
579 1810 652 1843 tum
675 1809 822 1844 maxime
846 1809 925 1844 inde
950 1807 1137 1851 conficitur,
1175 1809 1266 1854 quod
1289 1809 1337 1844 ita
1368 1808 1477 1845 filium
1513 1809 1657 1845 educan-

89 1867 170 1902 dum
197 1868 298 1913 atque
322 1866 444 1902 litteris
469 1866 706 1902 instruendum
731 1866 861 1901 curavit
884 1868 994 1912 pater,
1020 1867 1059 1901 ut
1082 1877 1150 1901 non
1175 1865 1285 1901 solum
1308 1865 1513 1912 reipublicae
1537 1877 1655 1903 mune-

89 1924 183 1959 ribus
207 1923 350 1959 honeste
375 1923 584 1970 fungeretur,
624 1924 684 1959 sed
708 1924 811 1959 etiam
842 1923 994 1969 privatus
1032 1923 1255 1974 eruditionem
1293 1926 1327 1960 et
1363 1924 1551 1959 doctrinam
1583 1933 1652 1960 non

87 1981 295 2018 mediocrem
320 1981 455 2027 scriptis
480 1981 684 2017 ostenderet.
721 1980 881 2016 Familias
907 1982 1020 2017 autem
1045 1980 1159 2027 gentis
1184 1980 1421 2016 Sallustiorum
1445 1992 1484 2017 eo
1517 1981 1655 2027 quidem

88 2039 251 2085 tempore,
290 2050 357 2085 quo
381 2040 480 2074 natus
506 2041 559 2074 est
575 2038 751 2081 Salustius,
789 2038 894 2074 fuisse
918 2037 1053 2079 multas,
1079 2049 1147 2074 non
1171 2038 1219 2074 ita
1243 2038 1453 2085 exploratum
1476 2049 1551 2075 esse
1568 2037 1654 2074 mihi

85 2096 227 2133 videtur.
252 2096 328 2132 Duo
352 2096 444 2132 enim
467 2096 502 2131 in
527 2094 695 2131 Ciceronis
720 2095 873 2141 epistulis
885 2095 912 2141 ⁵)
937 2097 972 2131 et
995 2095 1075 2131 alibi
1098 2098 1329 2131 memorantur
1353 2095 1503 2132 Sallustii
1527 2095 1655 2132 Gneius

85 2155 120 2188 et
131 2152 282 2197 Publius,
307 2155 424 2190 nostro
437 2152 583 2190 Salustio
607 2152 773 2199 aequales,
799 2153 857 2199 qui
881 2155 920 2188 ut
943 2152 1095 2189 eiusdem
1119 2152 1265 2190 familiae
1289 2153 1387 2189 ambo
1404 2153 1431 2199 ⁶)
1455 2152 1504 2188 ita
1526 2152 1654 2190 alienae

86 2341 130 2371 K
186 2297 231 2380 513)
239 2297 276 2326 Cf.
297 2298 369 2328 Plato
382 2298 493 2336 Gorgias
513 2298 547 2327 47
561 2297 600 2326 31>
629 2294 941 2343 Εὖδαιμονιζόμενος
957 2295 1020 2332 ὑπὸ
1037 2310 1101 2332 των
1117 2297 1256 2332 πολιτων
1268 2297 1321 2331 καὶ
1336 2309 1401 2331 των
1418 2294 1522 2335 ἄλλων
1546 2297 1653 2339 ξένων.

108 2346 166 2381 nig.
252 2347 279 2381 4,
300 2347 345 2376 11.
366 2347 457 2376 Stallb.
477 2356 503 2383 p.
525 2347 587 2374 143.

196 2392 220 2431 ¹)
239 2393 308 2422 vitae
328 2394 403 2422 initio
424 2395 464 2422 ed.
485 2396 595 2423 Ascens.
616 2394 662 2424 sol.
683 2394 709 2429 4,
730 2394 755 2423 2.

197 2440 220 2478 ¹)
240 2442 283 2471 ed.
302 2442 361 2471 Bas.
382 2443 456 2471 ¹590
476 2442 546 2479 eleg.
566 2452 592 2479 p.
613 2443 638 2471 1.

198 2487 222 2524 ⁴)
242 2489 347 2518 dissert.
366 2490 470 2519 Altdorr
487 2490 561 2518 1684
579 2500 605 2527 p.
626 2490 651 2518 3.

198 2535 220 2573 ⁵)
240 2537 292 2565 vid.
311 2537 387 2566 Klotz
405 2537 485 2566 indic.
505 2546 531 2574 p.
552 2538 617 2566 545.

197 2583 222 2623 ¹)
241 2584 292 2614 vid.
314 2585 368 2615 Cic.
384 2587 435 2615 Att.
450 2586 495 2622 11,
513 2586 558 2621 11,
572 2586 599 2614 2.
