1873 2859
115 83 412 155 milui-ent&
452 94 489 134 in
522 106 642 134 eorum
657 93 867 150 sodalicium
892 94 1037 140 abiisse,
1075 97 1262 143 eorumque
1293 95 1487 143 praeceptis
1511 96 1683 133 imbutum

10 141 38 172 ³¹
56 139 322 205 &Empedoclea
345 156 394 192 ad
412 155 518 192 finem
542 141 744 201 perduitisse
769 157 804 191 et
827 155 863 191 in
887 154 1000 191 lucem
1026 139 1173 197 edidisse
1199 155 1414 191 coniecerim.
1453 154 1498 191 Et
1523 154 1680 191 Ciceroni

36 200 41 213 ⁵
76 208 81 210 ⁸
94 213 234 259 quidem
275 218 386 259 neque‘
419 223 475 248 res
508 213 544 248 in
581 213 623 248 iis
658 213 829 258 expositas
866 223 978 259 neque
1012 213 1146 248 dicendi
1180 223 1289 259 genus
1334 223 1446 258 neque
1478 213 1684 258 scriptorem

92 270 206 316 ipsum
231 272 415 316 probatum
441 280 535 312 esse,
562 270 621 315 qui
646 272 691 312 et,
718 280 805 315 quae
830 269 949 305 Cicero
974 270 1010 304 in
1035 269 1254 315 Empedoclis
1279 270 1472 314 praeceptis
1498 269 1684 315 reprehen-

92 327 144 363 dit
155 327 183 371 ²)
208 326 413 373 Vatinioque
439 327 626 373 Nigidiano
651 326 733 362 vitio
758 327 925 370 tribuitss,
952 327 1141 373 inspexerit
1165 329 1200 362 et
1217 326 1344 363 Salusti
1370 336 1529 372 asperum
1548 326 1683 362 dicendi

9 372 11 374 ,
77 388 201 432 ,genus
226 396 302 421 cum
327 384 500 420 Ciceronis
526 384 695 431 elegantia
720 386 755 419 et
778 385 972 420 urbanitate
997 385 1230 430 composuerit
1255 386 1289 420 et
1306 383 1480 419 Ciceronis
1507 384 1683 419 inimicum

20 432 24 436 ¹
50 473 57 488 ,
91 442 198 479 fuisse
231 442 420 479 Salustium
456 443 535 478 inde
573 454 593 478 a
621 442 784 479 Catilinae
823 442 1055 479 coniuratione
1093 442 1320 488 reputaverit,
1359 441 1458 477 facile
1495 440 1681 488 intelleget.

92 498 190 544 Quod
215 502 331 535 autem
354 510 466 545 neque
492 511 512 534 a
537 499 684 535 Salustio
714 500 789 545 ipso
819 511 931 545 neque
959 501 1001 535 ab
1027 500 1102 535 aliis
1128 502 1440 535 commemorentur
1465 500 1538 534 eius
1557 499 1683 544 Empe-

91 556 226 602 doclea,
260 557 388 593 mirum
412 568 481 593 non
507 559 577 601 est,
613 568 691 593 eum
715 559 754 593 ut
778 557 899 604 Nigidi
923 557 1003 593 libri
1027 557 1121 593 haud
1146 557 1193 592 ita
1218 556 1419 603 pervulgata
1444 567 1520 592 esse
1546 556 1682 591 videan-

92 617 167 658 tur,
202 616 328 661 quippe
354 626 440 661 quae
466 616 636 650 contraria
661 626 737 651 esse
761 618 963 661 putarentur
989 615 1182 651 Stoicorum
1208 615 1365 661 religioni
1390 615 1432 650 ab
1459 614 1681 659 optimatibus

91 673 189 719 quasi
213 673 249 708 111
274 671 522 718 rempublicam
540 674 746 718 assumptae,
773 674 808 708 et
832 684 851 707 a
871 672 1019 708 Salustio
1044 673 1129 718 ipso,
1156 672 1282 718 quippe
1308 672 1366 718 qui
1392 671 1428 707 in
1453 672 1525 707 dies
1543 671 1678 717 longius

90 730 133 766 ab
158 729 387 776 Empedoclea
411 730 630 776 philosophia
653 731 840 773 recederet,
867 732 926 766 aut
949 732 1097 766 retracta
1122 733 1180 765 aut
1205 729 1361 776 neglecta
1387 740 1463 765 esse
1490 729 1679 765 videantur.

91 786 257 823 Fortasse
283 788 460 833 quosdam,
486 788 545 833 qui
570 788 636 823 sibi
662 788 765 823 etiam
789 790 863 823 tum
887 788 1124 833 probarentur,
1151 787 1243 823 locos
1268 788 1303 822 in
1327 787 1550 822 historiarum
1572 787 1679 822 libros

91 845 290 892 assumpsit,
316 846 406 881 unde
433 856 490 881 eos
516 845 628 881 adfert
654 845 802 881 Servius.

90 948 201 1005 Cap.
232 948 308 994 VI.
371 948 472 1001 Quo
503 948 661 992 studio
691 949 751 992 ad
781 949 1120 1005 rempublicam
1150 949 1277 993 latus
1307 949 1372 993 sit
1399 948 1637 993 Salustius
1651 950 1673 994 Ῥ

202 1027 258 1063 Ab
283 1026 339 1062 his
363 1026 556 1063 litterarum
582 1027 715 1070 studiis,
751 1027 874 1072 quibus
900 1027 1035 1062 deditus
1063 1029 1116 1063 est
1142 1026 1310 1062 Salustius
1336 1026 1547 1070 adulescens,
1573 1030 1613 1062 ut
1637 1027 1680 1063 ad

20 1092 22 1094 ’
88 1096 128 1120 68
153 1085 327 1121 veniamus
354 1096 439 1131 quae
464 1087 583 1131 postea
608 1085 644 1120 in
668 1095 704 1120 re
730 1085 866 1130 publica
892 1085 1011 1132 gessit,
1038 1084 1213 1131 quaeritur
1238 1085 1398 1131 primum,
1426 1095 1486 1120 cur
1512 1096 1531 1120 a
1555 1084 1680 1120 litteris

89 1144 131 1179 ad
156 1153 229 1179 rem
255 1142 427 1189 publicam
454 1154 489 1178 se
516 1142 729 1179 contulerit?
762 1143 878 1189 Atque
905 1143 1017 1179 studio
1042 1153 1079 1178 se
1105 1143 1148 1178 ad
1172 1153 1246 1178 rem
1271 1143 1444 1188 publicam
1469 1142 1577 1178 latum
1603 1154 1678 1179 esse

88 1201 162 1246 ipse
188 1201 271 1236 dicit
296 1200 464 1236 Salustius
492 1199 540 1245 (O.
567 1202 598 1243 3,
627 1202 673 1245 3).
714 1199 786 1244 Quo
813 1203 927 1236 tamen
951 1200 1067 1236 studio
1093 1211 1171 1235 cum
1197 1200 1296 1235 multi
1321 1200 1450 1236 librarii
1476 1201 1678 1246 prioresque

89 1258 237 1293 editores
269 1257 535 1293 litterarum
569 1258 771 1292 studium
803 1255 994 1303 ¹significari
1027 1258 1243 1302 putarent4),
1278 1258 1504 1303 posteriores,
1531 1259 1590 1303 qui
1614 1258 1681 1293 hoc

88 1315 159 1351 fere
193 1314 328 1351 saeculo
362 1314 489 1350 Salusti
523 1315 650 1361 scripta
683 1314 916 1358 illustrarunt,
950 1315 986 1350 id
1010 1315 1058 1350 ita
1083 1315 1296 1360 acciperent,
1330 1318 1369 1350 ut
1401 1314 1457 1350 alii
1492 1315 1680 1351 Salustium

93 1372 306 1415 „inconsulta
336 1373 482 1417 quadam
516 1372 619 1407 animi
644 1372 937 1417 inclinatione“⁵),
963 1372 1019 1408 alii
1048 1383 1237 1418 „propensa
1262 1374 1303 1408 ad
1329 1384 1403 1408 rem
1428 1373 1601 1419 publicam
1626 1385 1680 1408 ca-

87 1431 292 1476 pessendam
317 1429 555 1474 voluntate“⁶)‚
582 1429 639 1465 alii
655 1429 783 1476 gloriae
810 1430 923 1465 studio
949 1430 992 1465 ad
1017 1429 1264 1476 rempublicam
1282 1429 1390 1465 latum
1409 1441 1484 1466 esse
1510 1431 1677 1473 dicerent,

87 1499 231 1534 magna,
258 1490 296 1523 ut
320 1488 356 1523 in
380 1487 436 1523 his
460 1488 532 1523 fere
557 1488 659 1523 rebus
685 1487 761 1523 fieri
786 1487 891 1530 solet,
917 1488 1006 1523 inter
1031 1488 1121 1523 viros
1148 1489 1265 1524 doctos
1292 1488 1460 1524 dissensio
1487 1491 1550 1525 est.
1601 1488 1678 1524 Nos

89 1557 132 1581 116
157 1546 193 1581 111
217 1546 483 1591 uniuscuiusque
518 1546 724 1581 sententiam
749 1546 981 1591 inquiramus,
1018 1547 1053 1581 et
1076 1545 1132 1580 his
1157 1545 1256 1582 facile
1281 1546 1500 1581 concedimus
1526 1547 1678 1582 studio

90 1602 157 1639 hoc
182 1603 256 1639 1060
281 1614 349 1639 11011
374 1614 475 1649 posse
500 1602 687 1649 significari
712 1603 864 1638 studium
892 1602 1085 1638 litterarum
1110 1602 1163 1638 vel
1187 1602 1354 1639 historiae
1380 1603 1592 1646 scribendae,
1619 1614 1679 1639 ne-

86 1662 152 1707 que
187 1655 340 1696 studio
370 1661 483 1696 ferri
519 1661 610 1696 aliud
635 1671 711 1697 esse
736 1672 839 1706 quam
865 1661 998 1696 ardenti
1031 1661 1143 1696 animo
1169 1661 1212 1696 ad
1237 1660 1387 1707 aliquam
1412 1672 1487 1697 rem
1512 1661 1618 1708 rapi⁷)
1644 1665 1680 1698 et

85 1718 153 1754 illis
186 1719 261 1765 ipso
293 1718 486 1754 litterarum
517 1718 631 1754 studio
664 1718 707 1754 ad
739 1710 814 1754 rem
846 1717 1019 1764 publicam
1052 1718 1161 1753 latum
1196 1729 1270 1754 esse
1306 1718 1493 1754 Salustium
1526 1730 1595 1754 non
1620 1729 1679 1755 ne—

85 1787 218 1823 gamus.
251 1767 309 1812 ‘id
333 1778 372 1812 ut
396 1778 587 1812 statuamus
618 1778 653 1812 et
677 1776 862 1812 verborum
895 1778 1056 1812 contextu
1082 1779 1116 1812 et
1141 1776 1215 1812 aliis
1241 1775 1343 1819 10618,
1379 1787 1464 1823 (11108
1489 1788 1594 1823 supra
1619 1788 1676 1813 ex-

85 1834 312 1880 posuimus⁸)‚
340 1837 375 1870 et
407 1835 482 1880 ipsa
506 1835 599 1870 vocis
634 1834 739 1870 studii
764 1833 1014 1881 significatione
1039 1845 1230 1870 monemur.
1287 1834 1448 1870 Studium
1482 1836 1575 1871 enim
1599 1846 1678 1871 cum

86 1893 131 1928 sit
155 1893 260 1928 animi
292 1892 430 1928 assidua
463 1894 498 1928 et
532 1891 718 1928 vehemens
752 1892 795 1927 ad
828 1891 977 1937 aliquam
1001 1903 1075 1928 rem
1108 1891 1277 1938 applicata
1306 1903 1433 1939 magna
1457 1903 1535 1928 cum
1560 1892 1677 1929 volun-

87 1952 156 1986 tate
182 1950 358 1996 occupatio
372 1951 416 1995 ⁹),
451 1950 533 1996 quid
567 1949 659 1985 aliud
692 1952 745 1986 est
776 1949 983 1995 reipublicae
1011 1950 1163 1985 studium
1198 1961 1301 1995 quam
1334 1950 1439 1985 animi
1472 1951 1610 1986 assidua
1643 1954 1678 1986 et

84 2007 271 2044 vehemens
306 2008 349 2042 ad
381 2007 629 2053 rempublicam
663 2007 831 2053 applicata
856 2007 1058 2053 occupatio?
1094 2007 1263 2043 Salustius
1290 2010 1424 2050 autem,
1461 2018 1537 2042 cum
1563 2008 1599 2043 in
1624 2019 1677 2044 re-

83 2064 220 2111 publica
245 2065 482 2113 cognoscenda
502 2064 648 2101 multam
672 2075 900 2111 magnamque
921 2075 1039 2100 curam
1059 2064 1295 2109 habuisset10),
1321 2076 1432 2100 nonne
1451 2076 1488 2101 se
1506 2076 1546 2100 eo
1562 2066 1676 2100 studio

201 2153 228 2191 Ἀ),
241 2153 296 2181 Cio.
317 2153 344 2181 in
365 2153 420 2181 vat.
443 2154 468 2188 6,
490 2153 535 2182 14.
593 2169 596 2173 -

198 2201 220 2238 ¹)
240 2202 321 2230 acad.
341 2211 381 2238 pr.
403 2202 429 2236 2,
451 2203 477 2236 5,
499 2202 543 2229 14.
575 2203 600 2236 2,
623 2202 667 2236 23,
689 2202 732 2229 τι.
764 2202 797 2229 de
817 2211 843 2231 n.
865 2201 890 2229 d.
913 2202 938 2235 1,
960 2202 1004 2236 12,
1026 2201 1069 2229 29.

197 2246 220 2287 Β)
241 2250 268 2277 111
288 2249 344 2278 Vct.
368 2250 394 2277 1.
417 2250 429 2277 1
454 2258 514 2286 sqq.
534 2258 584 2286 pro
605 2249 676 2277 Sest.
699 2249 743 2284 6⁵,
766 2250 828 2281 155,
850 2249 882 2277 ad
903 2251 954 2277 Att.
976 2250 1002 2283 2,
1024 2249 1049 2283 6,
1071 2249 1097 2276 2.
1119 2249 1144 2283 7,
1166 2250 1191 2276 5.
1214 2250 1238 2283 9,
1259 2248 1284 2277 2.

197 2294 221 2334 ⁴)
242 2297 326 2325 Kritz¹
346 2297 378 2325 ad
398 2297 489 2325 locum
509 2297 570 2325 lect.

196 2341 220 2382 ὃ)
241 2345 385 2373 Frotscher
405 2346 475 2382 apud
495 2345 581 2373 Kritz¹
602 2345 634 2373 ad
654 2345 672 2372 l.
692 2346 710 2372 l.

196 2389 220 2430 ⁰>
240 2392 363 2422 nietseffl
384 2392 416 2421 ad
435 2393 453 2421 1.
475 2393 493 2421 1.

198 2438 220 2478 ⁷)
240 2441 326 2469 urite
346 2442 382 2470 ad
401 2442 419 2469 1.
439 2437 466 2469 1.'

196 2488 220 2526 ⁸)
242 2498 299 2526 cap.
319 2489 359 2518 111.

197 2534 220 2574 ⁹)
242 2536 296 2566 eie.
319 2537 353 2567 de
372 2538 424 2567 inv.
446 2538 472 2573 1,
494 2536 537 2573 2⁵,
559 2537 603 2566 se.

185 2584 222 2623 ²⁰)
242 2594 285 2624 ep.
305 2586 335 2618 11.
355 2587 387 2616 ad
408 2586 486 2617 Caes.
508 2587 534 2623 1,
555 2587 580 2615 5.
