1873 2859
155 38 211 82 m:

156 151 282 188 ceteris
307 147 464 188 Caesaris
497 147 764 188 assectatoribus
793 162 872 189 eum
922 147 1043 189 beurin
1069 147 1278 189 remansisse
1303 152 1405 200 puto,
1439 147 1548 190 donee
1573 145 1753 190 mnan.

156 209 226 245 Ian.
252 209 343 251 facto
369 212 509 245 senatus
535 209 690 246 consulto
715 210 848 254 ultimo,
879 214 918 246 ut
943 210 1111 254 consules,
1140 213 1329 257 praetores,
1355 211 1483 248 tribuni
1509 211 1553 258 pl.
1579 213 1615 247 et
1639 211 1761 247 Cicero

156 267 215 312 qui
239 267 444 312 proconsule
470 270 553 309 erat,
580 268 747 310 viderent,
774 279 817 304 ne
844 269 924 314 quid
951 279 1006 304 res
1032 269 1169 315 publica
1197 269 1397 304 detrimenti
1423 271 1579 314 caperet,
1605 269 1654 304 M.
1685 269 1758 304 An·

157 324 271 358 tonius
304 326 340 359 et
373 324 436 367 Qu.
463 324 602 359 Cassius
637 325 768 360 tribuni
805 325 849 370 pl.
882 336 962 360 cum
987 325 1134 360 Curione
1170 328 1205 361 et
1243 325 1292 360 M.
1319 325 1433 361 Caelio
1468 325 1611 371 aliisque
1644 335 1682 361 se
1715 326 1758 361 ad

157 379 340 416 Caesarem
366 381 564 417 Ravennam
590 381 797 418 conferrent.
809 383 834 426 ¹)
874 382 999 418 Postea
1024 382 1058 417 in
1085 383 1286 428 occupanda
1311 382 1409 419 Italia
1434 383 1507 419 sine
1533 383 1636 418 dubio
1661 394 1758 429 egre-

156 438 248 483 giam
275 439 413 473 navavit
438 449 578 484 operam
603 438 752 481 Caesari,
779 440 838 485 qui
863 439 1038 474 Rubicone
1066 440 1184 475 Idibus
1211 439 1283 474 Ian.
1311 439 1453 475 traiecto
1484 440 1662 485 sexaginta
1686 440 1757 475 die-

156 494 220 529 bus
247 496 352 530 totius
377 494 495 530 Italiae
527 495 663 541 potitus
689 498 752 532 est.
804 495 915 540 Quare
941 507 1020 532 cum
1045 498 1177 543 septem
1204 486 1278 532 (lies
1304 496 1432 532 Romae
1458 499 1688 533 commoratus
1713 497 1755 533 ad

156 552 399 597 opprimendos
418 552 559 598 Pompei
585 552 718 599 legatos
747 554 781 589 in
802 554 1005 599 Hispaniam
1028 554 1202 599 profectus
1224 556 1287 588 est.
1316 553 1503 588 Salustium
1525 565 1602 589 cum
1626 554 1757 599 aliquot

155 608 357 644 cohortibus
384 609 446 644 sub
472 609 519 644 M.
540 609 672 645 Antoni
700 610 776 645 trib.
803 609 851 655 pl.
879 612 914 646 et
939 609 1043 657 legati
1070 610 1122 645 sui
1148 610 1292 655 imperio
1318 611 1358 646 ad
1385 610 1488 646 urbes
1514 610 1754 657 cohortesque,

155 676 198 702 ne
232 666 275 702 ad
301 666 500 712 Pompeium
548 666 754 709 deficerent,
796 667 1041 703 custodiendas
1074 668 1108 702 in
1142 667 1240 702 ltalia
1274 667 1421 713 reliquit.
1472 669 1551 703 Non
1578 669 1670 703 enim
1695 679 1753 705 eas

155 734 275 758 omnes
301 723 336 758 in
362 724 430 758 fide
456 723 614 758 Caesaris
642 723 862 760 confirmatas
892 724 999 759 fuisse
1024 723 1236 770 intellegitur
1260 734 1302 759 ex
1328 734 1386 766 eo,
1421 725 1512 770 quod
1538 724 1658 760 scribit
1684 724 1758 761 Cic.

155 780 199 814 ad
224 779 381 816 Atticum
410 781 463 821 10,
493 781 547 823 16,
573 781 596 817 4
622 780 757 817 venisse
783 781 826 816 ad
854 791 891 817 se
917 781 1135 817 centuriones
1162 781 1267 816 trium
1293 780 1506 823 cohortium,
1543 793 1629 828 quae
1656 782 1757 818 Pom-

160 837 247 882 peiis
273 839 408 880 essent,
438 848 475 873 se
501 841 536 874 et
561 838 725 884 oppidum
751 838 817 884 ipsi
845 838 1075 882 tradituros.2›
1104 838 1195 874 Dum
1221 837 1345 874 Caesar
1371 838 1536 884 Hispania
1560 840 1689 885 potitur
1715 839 1751 875 C.

154 895 329 931 Antonius
363 897 398 931 et
430 895 469 931 P.
495 894 673 931 Cornelius
707 895 915 937 Dallabella,
957 895 1016 941 qui
1060 896 1192 933 duabus
1231 895 1423 942 legionibus
1458 899 1491 931 et
1529 897 1758 943 quadraginta

155 952 300 988 navibus
325 951 503 998 Illyricum
530 954 714 989 tutandum
742 955 977 999 susceperant,
1005 964 1025 988 a
1050 952 1112 996 Qu.
1136 952 1276 988 Octavio
1302 955 1337 988 et
1358 953 1395 988 L.
1416 953 1594 989 Scribonio
1615 954 1756 996 Libone,

158 1010 218 1055 qui
243 1010 388 1055 Pompei
414 1010 559 1045 navibus
585 1013 777 1056 praeerant,
804 1011 851 1046 ita
876 1010 1131 1055 premebantur,
1159 1013 1197 1045 ut
1222 1009 1398 1046 Dolabella
1420 1010 1592 1047 Dalmatia
1615 1010 1759 1056 pellere-

156 1070 222 1109 tur,
250 1067 423 1102 Antonius
449 1067 484 1102 in
511 1067 623 1102 insula
648 1067 786 1103 Curicta
811 1067 1037 1102 obsideretur.
1076 1066 1214 1102 Auxilio
1240 1066 1281 1101 iis
1307 1067 1405 1102 missi
1431 1078 1473 1102 ex
1495 1067 1592 1104 ltalia
1613 1067 1750 1103 Basilus

156 1126 191 1160 et
216 1123 253 1160 C.
280 1124 450 1160 Salustius
484 1135 563 1159 cum
598 1124 816 1165 cohortibus,
852 1135 893 1159 ex
919 1123 1100 1169 Tyrrheno
1131 1124 1218 1159 mari
1244 1135 1367 1165 naves,
1403 1135 1488 1170 quas
1514 1125 1661 1160 ducebat
1686 1125 1749 1168 Qu.

156 1181 373 1217 Hortensius.
401 1181 468 1217 Sed
494 1192 606 1227 neque
631 1181 688 1216 hic
714 1192 825 1226 neque
843 1181 891 1215 illi
911 1181 1096 1226 quidquam
1123 1182 1165 1216 ad
1192 1180 1392 1216 salvandum
1418 1181 1609 1216 Antonium
1644 1181 1757 1217 value-

155 1241 246 1275 runt.
271 1238 445 1275 Antonius
471 1250 548 1275 cum
575 1238 750 1285 plerisque
775 1238 848 1274 suis
873 1242 1004 1284 captus,
1031 1238 1088 1273 alii
1114 1248 1150 1274 se
1183 1238 1250 1284 ipsi
1285 1237 1550 1280 interfecerunt,
1586 1239 1685 1285 pauci
1719 1251 1757 1275 re

157 1297 285 1332 infecta
311 1298 346 1332 in
371 1296 508 1332 Italiam
526 1296 656 1332 reversi
682 1299 763 1331 sunt
775 1296 811 1337 ³.)
837 1296 931 1332 Bene
958 1297 1000 1331 ad
1017 1296 1107 1330 hanc
1132 1306 1205 1330 rem
1223 1295 1399 1330 adnotavit
1426 1295 1567 1331 Dietsch
1584 1296 1611 1340 4)
1638 1307 1755 1331 errare

157 1365 227 1396 eos,
254 1354 313 1400 qui
339 1354 403 1389 has
429 1364 484 1389 res
511 1353 599 1389 male
633 1356 750 1400 gestas
784 1353 1001 1388 confundunt
1034 1364 1112 1388 cum
1145 1352 1361 1388 incommodo
1395 1352 1452 1388 illo
1486 1356 1565 1399 post
1597 1364 1750 1400 pugnam

155 1411 372 1448 Pharsaliam
407 1412 442 1446 in
476 1411 614 1457 Illyrico
649 1414 808 1457 accepto,
845 1411 936 1457 quod
969 1412 1127 1446 narratur
1161 1410 1238 1446 bell.
1274 1410 1372 1445 Alex.
1415 1421 1463 1446 cc.
1500 1412 1652 1447 42-46.
1703 1411 1756 1447 Ibi

155 1469 247 1506 enim
272 1480 329 1505 res
356 1472 476 1505 eontra
501 1470 652 1505 eundem
679 1468 859 1504 Octavium
897 1480 917 1503 a
951 1468 1014 1512 Qu.
1050 1468 1231 1503 Cornificio
1265 1471 1300 1503 et
1334 1467 1480 1503 Gabinio
1514 1468 1601 1504 male
1634 1471 1752 1515 gestas

155 1526 296 1563 Octavio
322 1528 483 1572 superato
520 1526 677 1562 restituit
703 1525 872 1561 Vatinius.
923 1525 1067 1561 Interim
1093 1525 1217 1561 Caesar
1253 1536 1294 1560 ex
1329 1525 1495 1571 Hispania
1529 1536 1689 1561 reversus
1723 1528 1758 1561 et

155 1584 303 1620 dictator
328 1584 441 1619 dictus
467 1595 486 1619 a
512 1584 559 1619 M.
589 1583 739 1620 Aemilio
765 1583 895 1629 Lepido
921 1583 1069 1618 comitiis
1094 1593 1211 1618 mense
1237 1582 1421 1618 Decembri
1446 1582 1574 1618 habitis
1599 1582 1757 1618 consules

156 1642 286 1677 creavit
311 1652 348 1676 se
374 1643 409 1676 et
434 1641 471 1676 P.
501 1641 687 1676 Servilium
713 1641 850 1675 Vatiam
876 1640 1076 1681 Isauricum,
1102 1642 1279 1685 praetores
1304 1640 1351 1675 M.
1377 1639 1529 1675 Caelium
1554 1640 1692 1681 Rufum,
1719 1639 1756 1675 C.

155 1699 384 1741 Trebonium,
419 1697 483 1742 Qu.
520 1698 686 1741 Pedium,
722 1697 760 1733 P.
795 1696 985 1744 Sulpicium
1018 1697 1145 1733 Rufum
1179 1696 1330 1743 aliosque
1364 1708 1455 1733 suos.
1507 1696 1598 1741 Quos
1640 1699 1755 1734 autem

157 1755 286 1793 aediles
312 1759 348 1792 et
373 1758 574 1802 quaestores
601 1755 787 1798 creaverit,
823 1755 980 1801 quamvis
1005 1754 1208 1790 memorriae
1233 1755 1407 1800 proditum
1440 1765 1509 1790 non
1543 1755 1608 1797 sit,
1643 1757 1757 1792 tamen

158 1814 243 1861 quin
267 1814 303 1849 in
328 1816 553 1859 quaestorum
578 1823 723 1850 numero
756 1813 861 1848 fuerit
894 1812 930 1848 C.
966 1812 1156 1855 Salustius,
1192 1823 1259 1848 non
1294 1814 1347 1848 est
1380 1812 1616 1849 dubitandum.
1666 1812 1758 1848 Nam

154 1872 248 1919 quod
261 1871 407 1908 Dietsch
422 1871 611 1907 Salustium
627 1871 696 1907 iam
711 1882 800 1906 anno
822 1871 961 1916 705s49‚
989 1880 1068 1905 cum
1091 1869 1216 1905 Caesar
1237 1870 1380 1916 Pompei
1396 1869 1529 1916 legatos
1548 1870 1582 1905 in
1592 1869 1758 1915 Hispania

155 1931 345 1975 superaret,
372 1931 602 1974 quaestorem
627 1929 797 1964 urbanum
823 1928 929 1963 fuisse
955 1930 1063 1973 putat,
1091 1927 1177 1962 mihi
1203 1928 1343 1973 quidem
1368 1938 1436 1962 non
1462 1927 1646 1972 probatur,
1674 1938 1753 1963 cum

155 1998 267 2034 neque
293 1986 474 2022 Caesarem
501 1997 541 2022 eo
565 1997 657 2022 anno
684 1996 790 2021 novos
815 1985 1040 2031 magistratus
1066 1995 1201 2020 creasse
1238 1985 1402 2020 traditum
1441 1985 1487 2019 sit
1524 1995 1635 2029 neque
1661 1984 1757 2019 Salu-

158 2045 256 2087 stius,
283 2044 313 2079 si
352 2046 514 2089 quaestor
547 2043 701 2079 urbanus
732 2042 865 2084 fuisset,
900 2041 1025 2077 auxilio
1063 2042 1153 2076 mitti
1192 2042 1363 2087 potuisset
1395 2041 1431 2076 C.
1468 2041 1631 2076 Antonio.
1682 2041 1757 2077 Hoc

155 2104 271 2137 autem
315 2111 404 2136 anno
442 2101 577 2146 706l48
620 2102 839 2146 quaestorem
881 2098 988 2134 fuisse
1032 2098 1219 2134 Saiustium
1263 2101 1298 2134 et
1330 2109 1372 2134 ex
1405 2109 1521 2134 rerum
1557 2098 1756 2134 conditione

154 2158 375 2198 manifestum
403 2157 461 2200 fit,
496 2168 576 2193 cum
601 2156 759 2194 Caesaris
794 2157 827 2191 in
863 2155 952 2191 bello
977 2155 1175 2197 Pharsalio,
1202 2157 1294 2200 quod
1319 2156 1482 2200 parabat,
1519 2166 1587 2190 non
1615 2156 1757 2190 minoris

96 2216 99 2218 ’
154 2212 259 2261 quam
284 2216 318 2251 in
345 2214 567 2260 Hispaniensi
593 2214 797 2256 interesset,
837 2215 875 2248 ut
900 2212 978 2248 fidis
1004 2212 1244 2258 quaestoribus
1270 2212 1546 2248 committeretur
1572 2213 1756 2255 aerarium,

154 2276 190 2309 et
213 2274 249 2309 in
274 2272 449 2309 Invectiva
475 2273 546 2319 (16,
579 2272 623 2309 17
653 2271 753 2316 Iord)
788 2273 905 2317 aparte
931 2270 1075 2306 dicitur:
1110 2270 1158 2305 At
1183 2270 1274 2305 idem
1302 2269 1491 2313 Salustius,
1528 2271 1586 2315 qui
1613 2270 1647 2305 in
1674 2281 1757 2315 pace

272 2484 295 2521 ι)
317 2484 371 2512 Cic.
393 2485 454 2513 sam.
477 2483 521 2517 16,
545 2484 588 2516 11,
612 2483 629 2510 Ξ
650 2490 691 2518 sq.
713 2491 763 2510 ser.
785 2482 870 2519 pridie
891 2482 952 2510 Idus
973 2482 1073 2509 ianuar.
1097 2481 1210 2518 705149.

272 2532 297 2569 ²)
319 2533 399 2568 lang.
421 2532 460 2559 ΙΙΙ.
482 2531 547 2559 409.

271 2579 295 2617 ⁸)
316 2580 364 2608 Dio
385 2580 413 2608 C.
434 2581 479 2613 ⁴1,
500 2580 544 2608 40.
585 2580 668 2616 Lang.
690 2579 727 2613 ΙΙΙ,
749 2579 814 2607 409.
862 2603 871 2609 .

274 2628 299 2665 ¹)
320 2627 418 2664 praef.³
438 2636 463 2664 p.
486 2628 530 2656 10.
