<?xml version="1.0" encoding="UTF-8"?>
<!DOCTYPE html PUBLIC "-//W3C//DTD XHTML 1.0 Transitional//EN"
    "http://www.w3.org/TR/xhtml1/DTD/xhtml1-transitional.dtd">
<html xmlns="http://www.w3.org/1999/xhtml" xml:lang="en" lang="en">
 <head>
  <title>
</title>
<meta http-equiv="Content-Type" content="text/html;charset=utf-8" />
  <meta name='ocr-system' content='tesseract 3.04.00' />
  <meta name='ocr-capabilities' content='ocr_page ocr_carea ocr_par ocr_line ocrx_word'/>
</head>
<body>
  <div class='ocr_page' id='page_1' title='image "./4771783_0056.png"; bbox 0 0 1873 2859; ppageno 0'>
   <div class='ocr_carea' id='block_1_1' title="bbox 1156 0 1873 972">
    <p class='ocr_par' dir='ltr' id='par_1_1' title="bbox 1156 0 1873 972">
     <span class='ocr_line' id='line_1_1' title="bbox 1156 0 1873 972; baseline 0 -851"><span class='ocrx_word' id='word_1_1' title='bbox 1156 0 1873 972; x_wconf 95' lang='lat' dir='ltr'><strong>      </strong></span> 
     </span>
    </p>
   </div>
   <div class='ocr_carea' id='block_1_2' title="bbox 55 44 257 92">
    <p class='ocr_par' dir='ltr' id='par_1_2' title="bbox 55 23 257 92">
     <span class='ocr_line' id='line_1_2' title="bbox 55 44 257 92; baseline 0.025 -7"><span class='ocrx_word' id='word_1_2' title='bbox 55 62 70 92; x_wconf 55' lang='grc' dir='ltr'>ζ</span> <span class='ocrx_word' id='word_1_3' title='bbox 179 44 243 89; x_wconf 61' lang='lat'><strong>²²44</strong></span> <span class='ocrx_word' id='word_1_4' title='bbox 253 56 257 59; x_wconf 68' lang='grc'><strong>’</strong></span> 
     </span>
    </p>
   </div>
   <div class='ocr_carea' id='block_1_3' title="bbox 0 156 1870 1501">
    <p class='ocr_par' dir='ltr' id='par_1_3' title="bbox 0 156 1870 1501">
     <span class='ocr_line' id='line_1_3' title="bbox 180 156 1732 238; baseline 0.026 -48"><span class='ocrx_word' id='word_1_5' title='bbox 180 156 255 192; x_wconf 82' lang='lat' dir='ltr'><strong>mis</strong></span> <span class='ocrx_word' id='word_1_6' title='bbox 290 159 517 206; x_wconf 78' lang='lat' dir='ltr'><strong>satisfaceret,</strong></span> <span class='ocrx_word' id='word_1_7' title='bbox 552 163 668 210; x_wconf 89' lang='lat' dir='ltr'><strong>ipsum</strong></span> <span class='ocrx_word' id='word_1_8' title='bbox 701 177 886 207; x_wconf 88' lang='lat' dir='ltr'><strong>numerum</strong></span> <span class='ocrx_word' id='word_1_9' title='bbox 919 175 1032 218; x_wconf 83' lang='lat' dir='ltr'><strong>auxit,</strong></span> <span class='ocrx_word' id='word_1_10' title='bbox 1068 177 1183 226; x_wconf 82' lang='lat' dir='ltr'>colligi</span> <span class='ocrx_word' id='word_1_11' title='bbox 1207 182 1325 226; x_wconf 87' lang='lat' dir='ltr'><strong>potest</strong></span> <span class='ocrx_word' id='word_1_12' title='bbox 1349 182 1732 238; x_wconf 13' lang='lat' dir='ltr'><strong>Salustium‘vsuperiori&#39;</strong></span> 
     </span>
     <span class='ocr_line' id='line_1_4' title="bbox 186 215 1805 295; baseline 0.026 -48"><span class='ocrx_word' id='word_1_13' title='bbox 186 215 287 249; x_wconf 85' lang='lat' dir='ltr'><strong>annis</strong></span> <span class='ocrx_word' id='word_1_14' title='bbox 313 216 400 252; x_wconf 87' lang='lat' dir='ltr'><strong>bene</strong></span> <span class='ocrx_word' id='word_1_15' title='bbox 427 219 470 254; x_wconf 91' lang='lat' dir='ltr'><strong>de</strong></span> <span class='ocrx_word' id='word_1_16' title='bbox 497 219 643 257; x_wconf 81' lang='lat' dir='ltr'><strong>Caesare</strong></span> <span class='ocrx_word' id='word_1_17' title='bbox 669 225 832 262; x_wconf 85' lang='lat' dir='ltr'><strong>meritum</strong></span> <span class='ocrx_word' id='word_1_18' title='bbox 859 239 936 266; x_wconf 89' lang='lat' dir='ltr'><strong>esse</strong></span> <span class='ocrx_word' id='word_1_19' title='bbox 961 236 1129 279; x_wconf 87' lang='lat' dir='ltr'><strong>nequesi</strong></span> <span class='ocrx_word' id='word_1_20' title='bbox 1147 237 1238 283; x_wconf 61' lang='lat' dir='ltr'><strong>‚quid</strong></span> <span class='ocrx_word' id='word_1_21' title='bbox 1263 238 1299 275; x_wconf 92' lang='lat' dir='ltr'><strong>in</strong></span> <span class='ocrx_word' id='word_1_22' title='bbox 1325 245 1511 287; x_wconf 75' lang='lat' dir='ltr'><strong>quaestura</strong></span> <span class='ocrx_word' id='word_1_23' title='bbox 1532 249 1592 283; x_wconf 84' lang='lat' dir='ltr'><strong>aut</strong></span> <span class='ocrx_word' id='word_1_24' title='bbox 1614 243 1805 295; x_wconf 64' lang='lat' dir='ltr'><strong>post‘efiffi-</strong></span> 
     </span>
     <span class='ocr_line' id='line_1_5' title="bbox 185 274 1794 355; baseline 0.026 -50"><span class='ocrx_word' id='word_1_25' title='bbox 185 274 392 316; x_wconf 87' lang='lat' dir='ltr'><strong>peccaverit,</strong></span> <span class='ocrx_word' id='word_1_26' title='bbox 418 275 454 310; x_wconf 91' lang='lat' dir='ltr'><strong>id</strong></span> <span class='ocrx_word' id='word_1_27' title='bbox 478 276 663 315; x_wconf 89' lang='lat' dir='ltr'><strong>Caesarem</strong></span> <span class='ocrx_word' id='word_1_28' title='bbox 690 283 880 323; x_wconf 79' lang='lat' dir='ltr'><strong>rescivisse.</strong></span> <span class='ocrx_word' id='word_1_29' title='bbox 907 288 976 324; x_wconf 86' lang='lat' dir='ltr'><strong>Sed</strong></span> <span class='ocrx_word' id='word_1_30' title='bbox 1002 292 1118 328; x_wconf 82' lang='lat' dir='ltr'><strong>utrum</strong></span> <span class='ocrx_word' id='word_1_31' title='bbox 1144 294 1179 331; x_wconf 89' lang='lat' dir='ltr'><strong>in</strong></span> <span class='ocrx_word' id='word_1_32' title='bbox 1197 295 1301 333; x_wconf 91' lang='lat' dir='ltr'><strong>huius</strong></span> <span class='ocrx_word' id='word_1_33' title='bbox 1327 300 1408 336; x_wconf 86' lang='lat' dir='ltr'><strong>amu·</strong></span> <span class='ocrx_word' id='word_1_34' title='bbox 1432 313 1581 341; x_wconf 63' lang='lat' dir='ltr'><strong>menses⁴</strong></span> <span class='ocrx_word' id='word_1_35' title='bbox 1596 306 1794 355; x_wconf 53' lang='lat' dir='ltr'><strong>reliquos»,</strong></span> 
     </span>
     <span class='ocr_line' id='line_1_6' title="bbox 186 328 1851 413; baseline 0.025 -51"><span class='ocrx_word' id='word_1_36' title='bbox 186 339 229 363; x_wconf 90' lang='lat' dir='ltr'><strong>an</strong></span> <span class='ocrx_word' id='word_1_37' title='bbox 254 328 288 364; x_wconf 90' lang='lat' dir='ltr'><strong>in</strong></span> <span class='ocrx_word' id='word_1_38' title='bbox 314 332 513 376; x_wconf 88' lang='lat' dir='ltr'><strong>proximum</strong></span> <span class='ocrx_word' id='word_1_39' title='bbox 538 347 667 374; x_wconf 88' lang='lat' dir='ltr'><strong>annum</strong></span> <span class='ocrx_word' id='word_1_40' title='bbox 681 339 711 384; x_wconf 77' lang='lat'><strong>²)</strong></span> <span class='ocrx_word' id='word_1_41' title='bbox 737 344 873 379; x_wconf 88' lang='lat' dir='ltr'><strong>creatus</strong></span> <span class='ocrx_word' id='word_1_42' title='bbox 899 345 945 380; x_wconf 88' lang='lat' dir='ltr'><strong>sit</strong></span> <span class='ocrx_word' id='word_1_43' title='bbox 968 350 1117 392; x_wconf 88' lang='lat' dir='ltr'><strong>praetor,</strong></span> <span class='ocrx_word' id='word_1_44' title='bbox 1148 363 1217 388; x_wconf 92' lang='lat' dir='ltr'><strong>non</strong></span> <span class='ocrx_word' id='word_1_45' title='bbox 1243 356 1297 390; x_wconf 86' lang='lat' dir='ltr'><strong>est·</strong></span> <span class='ocrx_word' id='word_1_46' title='bbox 1321 357 1547 403; x_wconf 84' lang='lat' dir='ltr'><strong>exploratum.</strong></span> <span class='ocrx_word' id='word_1_47' title='bbox 1574 363 1627 407; x_wconf 81' lang='lat' dir='ltr'><strong>Ex</strong></span> <span class='ocrx_word' id='word_1_48' title='bbox 1651 365 1695 401; x_wconf 85' lang='lat' dir='ltr'><strong>iis</strong></span> <span class='ocrx_word' id='word_1_49' title='bbox 1719 368 1794 413; x_wconf 73' lang='lat' dir='ltr'><strong>qui,-</strong></span> <span class='ocrx_word' id='word_1_50' title='bbox 1840 375 1851 403; x_wconf 87' lang='grc'><strong>·;</strong></span> 
     </span>
     <span class='ocr_line' id='line_1_7' title="bbox 124 386 1863 471; baseline 0.027 -54"><span class='ocrx_word' id='word_1_51' title='bbox 124 417 143 429; x_wconf 52' lang='grc'><strong><em>,</em></strong></span> <span class='ocrx_word' id='word_1_52' title='bbox 185 386 276 428; x_wconf 91' lang='lat' dir='ltr'><strong>dem,</strong></span> <span class='ocrx_word' id='word_1_53' title='bbox 304 398 391 433; x_wconf 89' lang='lat' dir='ltr'><strong>quos</strong></span> <span class='ocrx_word' id='word_1_54' title='bbox 417 390 535 437; x_wconf 86' lang='lat' dir='ltr'><strong>Lange</strong></span> <span class='ocrx_word' id='word_1_55' title='bbox 549 393 575 432; x_wconf 83' lang='lat'><strong>³)</strong></span> <span class='ocrx_word' id='word_1_56' title='bbox 602 395 724 438; x_wconf 85' lang='lat' dir='ltr'><strong>adfert,</strong></span> <span class='ocrx_word' id='word_1_57' title='bbox 752 397 836 434; x_wconf 85' lang='lat' dir='ltr'><strong>loeis</strong></span> <span class='ocrx_word' id='word_1_58' title='bbox 854 412 966 448; x_wconf 89' lang='lat' dir='ltr'><strong>neque</strong></span> <span class='ocrx_word' id='word_1_59' title='bbox 990 403 1058 441; x_wconf 87' lang='lat' dir='ltr'><strong>hoc</strong></span> <span class='ocrx_word' id='word_1_60' title='bbox 1083 418 1195 454; x_wconf 90' lang='lat' dir='ltr'><strong>neque</strong></span> <span class='ocrx_word' id='word_1_61' title='bbox 1213 409 1298 448; x_wconf 88' lang='lat' dir='ltr'><strong>illud</strong></span> <span class='ocrx_word' id='word_1_62' title='bbox 1317 414 1440 452; x_wconf 87' lang='lat' dir='ltr'><strong>confici</strong></span> <span class='ocrx_word' id='word_1_63' title='bbox 1464 420 1589 463; x_wconf 86' lang='lat' dir='ltr'><strong>potest.</strong></span> <span class='ocrx_word' id='word_1_64' title='bbox 1614 421 1697 470; x_wconf 16' lang='lat' dir='ltr'><strong>‘Sed</strong></span> <span class='ocrx_word' id='word_1_65' title='bbox 1713 434 1792 463; x_wconf 87' lang='lat' dir='ltr'><strong>oum</strong></span> <span class='ocrx_word' id='word_1_66' title='bbox 1830 424 1863 471; x_wconf 62' lang='lat' dir='ltr'><strong>g,</strong></span> 
     </span>
     <span class='ocr_line' id='line_1_8' title="bbox 187 444 1866 524; baseline 0.027 -48"><span class='ocrx_word' id='word_1_67' title='bbox 187 444 330 484; x_wconf 84' lang='lat' dir='ltr'><strong>„eadem</strong></span> <span class='ocrx_word' id='word_1_68' title='bbox 356 445 496 483; x_wconf 82' lang='lat' dir='ltr'><strong>licentia</strong></span> <span class='ocrx_word' id='word_1_69' title='bbox 522 451 607 495; x_wconf 88' lang='lat' dir='ltr'><strong>(qua</strong></span> <span class='ocrx_word' id='word_1_70' title='bbox 632 452 697 488; x_wconf 87' lang='lat' dir='ltr'><strong>alia</strong></span> <span class='ocrx_word' id='word_1_71' title='bbox 723 455 895 501; x_wconf 79' lang='lat' dir='ltr'><strong>disposuit</strong></span> <span class='ocrx_word' id='word_1_72' title='bbox 919 459 1058 516; x_wconf 66' lang='lat' dir='ltr'><strong>Caesar)</strong></span> <span class='ocrx_word' id='word_1_73' title='bbox 1085 469 1203 511; x_wconf 87' lang='lat' dir='ltr'><strong>spreto</strong></span> <span class='ocrx_word' id='word_1_74' title='bbox 1226 470 1359 514; x_wconf 82' lang='lat' dir='ltr'><strong>patriae</strong></span> <span class='ocrx_word' id='word_1_75' title='bbox 1384 484 1481 511; x_wconf 87' lang='lat' dir='ltr'><strong>more</strong></span> <span class='ocrx_word' id='word_1_76' title='bbox 1505 478 1730 524; x_wconf 76' lang='lat' dir='ltr'><strong>magistratus</strong></span> <span class='ocrx_word' id='word_1_77' title='bbox 1754 482 1791 519; x_wconf 84' lang='lat' dir='ltr'><strong>in</strong></span> <span class='ocrx_word' id='word_1_78' title='bbox 1835 478 1866 521; x_wconf 70' lang='grc' dir='ltr'><strong>’ξ</strong></span> 
     </span>
     <span class='ocr_line' id='line_1_9' title="bbox 181 498 1844 576; baseline 0.028 -44"><span class='ocrx_word' id='word_1_79' title='bbox 181 498 299 544; x_wconf 89' lang='lat' dir='ltr'><strong>plures</strong></span> <span class='ocrx_word' id='word_1_80' title='bbox 330 513 438 539; x_wconf 89' lang='lat' dir='ltr'><strong>annos</strong></span> <span class='ocrx_word' id='word_1_81' title='bbox 473 506 757 555; x_wconf 69' lang='lat' dir='ltr'><strong>ordinaverit“⁴)‚</strong></span> <span class='ocrx_word' id='word_1_82' title='bbox 792 516 908 551; x_wconf 87' lang='lat' dir='ltr'><strong>nescio</strong></span> <span class='ocrx_word' id='word_1_83' title='bbox 944 529 987 553; x_wconf 90' lang='lat' dir='ltr'><strong>an</strong></span> <span class='ocrx_word' id='word_1_84' title='bbox 1021 522 1114 558; x_wconf 89' lang='lat' dir='ltr'><strong>recte</strong></span> <span class='ocrx_word' id='word_1_85' title='bbox 1147 523 1184 559; x_wconf 89' lang='lat' dir='ltr'><strong>in</strong></span> <span class='ocrx_word' id='word_1_86' title='bbox 1219 528 1403 575; x_wconf 90' lang='lat' dir='ltr'><strong>utrumque</strong></span> <span class='ocrx_word' id='word_1_87' title='bbox 1437 543 1566 575; x_wconf 85' lang='lat' dir='ltr'><strong>annum</strong></span> <span class='ocrx_word' id='word_1_88' title='bbox 1601 534 1790 576; x_wconf 76' lang='lat' dir='ltr'><strong>Salustium</strong></span> <span class='ocrx_word' id='word_1_89' title='bbox 1842 560 1844 562; x_wconf 79' lang='grc'><strong>-</strong></span> 
     </span>
     <span class='ocr_line' id='line_1_10' title="bbox 180 560 1863 635; baseline 0.027 -44"><span class='ocrx_word' id='word_1_90' title='bbox 180 560 379 603; x_wconf 87' lang='lat' dir='ltr'><strong>praetorem</strong></span> <span class='ocrx_word' id='word_1_91' title='bbox 413 565 567 601; x_wconf 86' lang='lat' dir='ltr'><strong>creatum</strong></span> <span class='ocrx_word' id='word_1_92' title='bbox 602 576 679 603; x_wconf 87' lang='lat' dir='ltr'><strong>esse</strong></span> <span class='ocrx_word' id='word_1_93' title='bbox 713 571 903 610; x_wconf 86' lang='lat' dir='ltr'><strong>statuerim.</strong></span> <span class='ocrx_word' id='word_1_94' title='bbox 954 575 1080 620; x_wconf 81' lang='lat' dir='ltr'><strong>Quanti</strong></span> <span class='ocrx_word' id='word_1_95' title='bbox 1113 581 1206 618; x_wconf 88' lang='lat' dir='ltr'><strong>enim</strong></span> <span class='ocrx_word' id='word_1_96' title='bbox 1238 584 1360 623; x_wconf 83' lang='lat' dir='ltr'><strong>fecerit</strong></span> <span class='ocrx_word' id='word_1_97' title='bbox 1394 588 1520 627; x_wconf 86' lang='lat' dir='ltr'><strong>Caesar</strong></span> <span class='ocrx_word' id='word_1_98' title='bbox 1545 595 1702 632; x_wconf 89' lang='lat' dir='ltr'><strong>nostrum</strong></span> <span class='ocrx_word' id='word_1_99' title='bbox 1728 596 1788 635; x_wconf 84' lang='lat' dir='ltr'><strong>Sa-</strong></span> <span class='ocrx_word' id='word_1_100' title='bbox 1843 623 1863 635; x_wconf 21' lang='grc' dir='ltr'><strong>ε.</strong></span> 
     </span>
     <span class='ocr_line' id='line_1_11' title="bbox 177 613 1787 702; baseline 0.027 -53"><span class='ocrx_word' id='word_1_101' title='bbox 177 613 322 652; x_wconf 89' lang='lat' dir='ltr'><strong>Iustium</strong></span> <span class='ocrx_word' id='word_1_102' title='bbox 349 619 454 655; x_wconf 88' lang='lat' dir='ltr'><strong>etiam</strong></span> <span class='ocrx_word' id='word_1_103' title='bbox 480 632 520 657; x_wconf 90' lang='lat' dir='ltr'><strong>ex</strong></span> <span class='ocrx_word' id='word_1_104' title='bbox 547 634 587 659; x_wconf 91' lang='lat' dir='ltr'><strong>eo</strong></span> <span class='ocrx_word' id='word_1_105' title='bbox 613 629 844 673; x_wconf 81' lang='lat' dir='ltr'><strong>cognoscitur,</strong></span> <span class='ocrx_word' id='word_1_106' title='bbox 872 635 964 678; x_wconf 90' lang='lat' dir='ltr'><strong>quod</strong></span> <span class='ocrx_word' id='word_1_107' title='bbox 990 646 1069 672; x_wconf 86' lang='lat' dir='ltr'><strong>eum</strong></span> <span class='ocrx_word' id='word_1_108' title='bbox 1092 642 1288 684; x_wconf 87' lang='lat' dir='ltr'><strong>praetorem</strong></span> <span class='ocrx_word' id='word_1_109' title='bbox 1315 645 1589 696; x_wconf 88' lang='lat' dir='ltr'><strong>(designatum?)</strong></span> <span class='ocrx_word' id='word_1_110' title='bbox 1615 653 1657 688; x_wconf 91' lang='lat' dir='ltr'><strong>ad</strong></span> <span class='ocrx_word' id='word_1_111' title='bbox 1682 652 1787 702; x_wconf 86' lang='lat' dir='ltr'><strong>legio-</strong></span> 
     </span>
     <span class='ocr_line' id='line_1_12' title="bbox 177 673 1852 758; baseline 0.027 -51"><span class='ocrx_word' id='word_1_112' title='bbox 177 683 240 709; x_wconf 88' lang='lat' dir='ltr'><strong>nes</strong></span> <span class='ocrx_word' id='word_1_113' title='bbox 267 673 475 722; x_wconf 80' lang='lat' dir='ltr'><strong>Campaniae</strong></span> <span class='ocrx_word' id='word_1_114' title='bbox 509 681 575 716; x_wconf 87' lang='lat' dir='ltr'><strong>sibi</strong></span> <span class='ocrx_word' id='word_1_115' title='bbox 606 686 877 724; x_wconf 86' lang='lat' dir='ltr'><strong>reconciliandas</strong></span> <span class='ocrx_word' id='word_1_116' title='bbox 911 692 1007 728; x_wconf 89' lang='lat' dir='ltr'><strong>misit</strong></span> <span class='ocrx_word' id='word_1_117' title='bbox 1036 694 1147 741; x_wconf 90' lang='lat' dir='ltr'><strong>iisque</strong></span> <span class='ocrx_word' id='word_1_118' title='bbox 1180 709 1243 743; x_wconf 89' lang='lat' dir='ltr'><strong>per</strong></span> <span class='ocrx_word' id='word_1_119' title='bbox 1276 711 1356 737; x_wconf 89' lang='lat' dir='ltr'><strong>eum</strong></span> <span class='ocrx_word' id='word_1_120' title='bbox 1381 707 1416 739; x_wconf 92' lang='lat' dir='ltr'><strong>et</strong></span> <span class='ocrx_word' id='word_1_121' title='bbox 1440 708 1594 750; x_wconf 86' lang='lat' dir='ltr'><strong>praemia</strong></span> <span class='ocrx_word' id='word_1_122' title='bbox 1619 721 1697 747; x_wconf 91' lang='lat' dir='ltr'><strong>cum</strong></span> <span class='ocrx_word' id='word_1_123' title='bbox 1722 722 1785 758; x_wconf 89' lang='lat' dir='ltr'><strong>pro</strong></span> <span class='ocrx_word' id='word_1_124' title='bbox 1850 744 1852 747; x_wconf 86' lang='grc'>.</span> 
     </span>
     <span class='ocr_line' id='line_1_13' title="bbox 0 730 1870 814; baseline 0.027 -55"><span class='ocrx_word' id='word_1_125' title='bbox 0 734 7 779; x_wconf 44' lang='grc' dir='ltr'><strong>ἐξ</strong></span> <span class='ocrx_word' id='word_1_126' title='bbox 180 730 361 769; x_wconf 87' lang='lat' dir='ltr'><strong>Pharsalio</strong></span> <span class='ocrx_word' id='word_1_127' title='bbox 396 737 470 771; x_wconf 91' lang='lat' dir='ltr'><strong>tum</strong></span> <span class='ocrx_word' id='word_1_128' title='bbox 504 749 568 783; x_wconf 91' lang='lat' dir='ltr'><strong>pro</strong></span> <span class='ocrx_word' id='word_1_129' title='bbox 597 740 763 779; x_wconf 85' lang='lat' dir='ltr'><strong>Africano</strong></span> <span class='ocrx_word' id='word_1_130' title='bbox 799 746 906 790; x_wconf 71' lang='lat' dir='ltr'><strong>bello,</strong></span> <span class='ocrx_word' id='word_1_131' title='bbox 942 749 971 784; x_wconf 89' lang='lat' dir='ltr'><strong>si</strong></span> <span class='ocrx_word' id='word_1_132' title='bbox 1005 752 1198 796; x_wconf 86' lang='lat' dir='ltr'><strong>perfectum</strong></span> <span class='ocrx_word' id='word_1_133' title='bbox 1224 761 1327 801; x_wconf 89' lang='lat' dir='ltr'><strong>esset,</strong></span> <span class='ocrx_word' id='word_1_134' title='bbox 1356 761 1516 799; x_wconf 88' lang='lat' dir='ltr'><strong>daturum</strong></span> <span class='ocrx_word' id='word_1_135' title='bbox 1542 775 1579 801; x_wconf 90' lang='lat' dir='ltr'><strong>se</strong></span> <span class='ocrx_word' id='word_1_136' title='bbox 1605 777 1681 804; x_wconf 88' lang='lat' dir='ltr'><strong>esse</strong></span> <span class='ocrx_word' id='word_1_137' title='bbox 1706 780 1784 814; x_wconf 86' lang='lat' dir='ltr'><strong>pro·</strong></span> <span class='ocrx_word' id='word_1_138' title='bbox 1835 775 1839 781; x_wconf 91' lang='lat'><em>&#39;</em></span> <span class='ocrx_word' id='word_1_139' title='bbox 1866 787 1870 790; x_wconf 59' lang='lat'>¹</span> 
     </span>
     <span class='ocr_line' id='line_1_14' title="bbox 0 778 1782 867; baseline 0.026 -50"><span class='ocrx_word' id='word_1_140' title='bbox 0 778 11 796; x_wconf 64' lang='lat'><strong>³⁹</strong></span> <span class='ocrx_word' id='word_1_141' title='bbox 174 788 268 823; x_wconf 86' lang='lat' dir='ltr'><strong>mitti</strong></span> <span class='ocrx_word' id='word_1_142' title='bbox 293 792 327 825; x_wconf 89' lang='lat' dir='ltr'><strong>et</strong></span> <span class='ocrx_word' id='word_1_143' title='bbox 352 791 446 828; x_wconf 89' lang='lat' dir='ltr'><strong>mille</strong></span> <span class='ocrx_word' id='word_1_144' title='bbox 472 794 631 832; x_wconf 86' lang='lat' dir='ltr'><strong>denarios</strong></span> <span class='ocrx_word' id='word_1_145' title='bbox 646 799 673 837; x_wconf 82' lang='lat'><strong>⁵)</strong></span> <span class='ocrx_word' id='word_1_146' title='bbox 700 800 845 847; x_wconf 90' lang='lat' dir='ltr'><strong>singulis</strong></span> <span class='ocrx_word' id='word_1_147' title='bbox 880 805 954 840; x_wconf 89' lang='lat' dir='ltr'><strong>dari</strong></span> <span class='ocrx_word' id='word_1_148' title='bbox 979 807 1089 845; x_wconf 86' lang='lat' dir='ltr'><strong>iussit.</strong></span> <span class='ocrx_word' id='word_1_149' title='bbox 1140 811 1213 855; x_wconf 84' lang='lat' dir='ltr'><strong>Qua</strong></span> <span class='ocrx_word' id='word_1_150' title='bbox 1238 814 1274 849; x_wconf 92' lang='lat' dir='ltr'><strong>in</strong></span> <span class='ocrx_word' id='word_1_151' title='bbox 1299 815 1471 863; x_wconf 76' lang='lat' dir='ltr'><strong>legatione</strong></span> <span class='ocrx_word' id='word_1_152' title='bbox 1495 832 1605 867; x_wconf 88' lang='lat' dir='ltr'><strong>paene</strong></span> <span class='ocrx_word' id='word_1_153' title='bbox 1631 825 1782 863; x_wconf 74' lang='lat' dir='ltr'><strong>occissus</strong></span> 
     </span>
     <span class='ocr_line' id='line_1_15' title="bbox 129 847 1781 930; baseline 0.027 -53"><span class='ocrx_word' id='word_1_154' title='bbox 129 866 133 871; x_wconf 90' lang='lat'><em>-</em></span> <span class='ocrx_word' id='word_1_155' title='bbox 174 847 228 880; x_wconf 88' lang='lat' dir='ltr'><strong>est</strong></span> <span class='ocrx_word' id='word_1_156' title='bbox 254 857 273 881; x_wconf 90' lang='lat' dir='ltr'><strong>a</strong></span> <span class='ocrx_word' id='word_1_157' title='bbox 298 848 468 885; x_wconf 88' lang='lat' dir='ltr'><strong>militibus</strong></span> <span class='ocrx_word' id='word_1_158' title='bbox 495 853 678 890; x_wconf 82' lang='lat' dir='ltr'><strong>seditiosis.</strong></span> <span class='ocrx_word' id='word_1_159' title='bbox 730 858 867 904; x_wconf 89' lang='lat' dir='ltr'><strong>Optime</strong></span> <span class='ocrx_word' id='word_1_160' title='bbox 893 873 968 899; x_wconf 86' lang='lat' dir='ltr'><strong>rem</strong></span> <span class='ocrx_word' id='word_1_161' title='bbox 994 871 1170 911; x_wconf 84' lang='lat' dir='ltr'><strong>exponunt</strong></span> <span class='ocrx_word' id='word_1_162' title='bbox 1194 870 1376 917; x_wconf 90' lang='lat' dir='ltr'><strong>Appianus</strong></span> <span class='ocrx_word' id='word_1_163' title='bbox 1389 875 1413 918; x_wconf 75' lang='grc'><strong>6)</strong></span> <span class='ocrx_word' id='word_1_164' title='bbox 1440 879 1475 913; x_wconf 92' lang='lat' dir='ltr'><strong>et</strong></span> <span class='ocrx_word' id='word_1_165' title='bbox 1500 877 1639 917; x_wconf 86' lang='lat' dir='ltr'><strong>Cassius</strong></span> <span class='ocrx_word' id='word_1_166' title='bbox 1664 882 1729 919; x_wconf 92' lang='lat' dir='ltr'><strong>Dio</strong></span> <span class='ocrx_word' id='word_1_167' title='bbox 1742 884 1781 930; x_wconf 85' lang='lat'><strong>⁷).</strong></span> 
     </span>
     <span class='ocr_line' id='line_1_16' title="bbox 173 901 1780 978; baseline 0.026 -42"><span class='ocrx_word' id='word_1_168' title='bbox 173 901 389 949; x_wconf 84' lang='lat' dir='ltr'><strong>Quamquam</strong></span> <span class='ocrx_word' id='word_1_169' title='bbox 415 911 534 945; x_wconf 88' lang='lat' dir='ltr'><strong>autem</strong></span> <span class='ocrx_word' id='word_1_170' title='bbox 553 922 665 957; x_wconf 88' lang='lat' dir='ltr'><strong>neque</strong></span> <span class='ocrx_word' id='word_1_171' title='bbox 684 914 835 960; x_wconf 89' lang='lat' dir='ltr'><strong>Appiani</strong></span> <span class='ocrx_word' id='word_1_172' title='bbox 861 930 974 965; x_wconf 86' lang='lat' dir='ltr'><strong>neque</strong></span> <span class='ocrx_word' id='word_1_173' title='bbox 991 921 1112 959; x_wconf 87' lang='lat' dir='ltr'><strong>Dionis</strong></span> <span class='ocrx_word' id='word_1_174' title='bbox 1138 928 1262 971; x_wconf 89' lang='lat' dir='ltr'><strong>verbis,</strong></span> <span class='ocrx_word' id='word_1_175' title='bbox 1290 931 1373 975; x_wconf 90' lang='lat' dir='ltr'><strong>quid</strong></span> <span class='ocrx_word' id='word_1_176' title='bbox 1398 932 1568 972; x_wconf 84' lang='lat' dir='ltr'><strong>Salustius</strong></span> <span class='ocrx_word' id='word_1_177' title='bbox 1592 938 1628 973; x_wconf 88' lang='lat' dir='ltr'><strong>in</strong></span> <span class='ocrx_word' id='word_1_178' title='bbox 1653 939 1719 976; x_wconf 86' lang='lat' dir='ltr'><strong>hac</strong></span> <span class='ocrx_word' id='word_1_179' title='bbox 1743 953 1780 978; x_wconf 89' lang='lat' dir='ltr'><strong>re</strong></span> 
     </span>
     <span class='ocr_line' id='line_1_17' title="bbox 169 963 1778 1036; baseline 0.027 -44"><span class='ocrx_word' id='word_1_180' title='bbox 169 963 384 1005; x_wconf 90' lang='lat' dir='ltr'><strong>peccavarit,</strong></span> <span class='ocrx_word' id='word_1_181' title='bbox 421 965 655 1013; x_wconf 88' lang='lat' dir='ltr'><strong>significatur,</strong></span> <span class='ocrx_word' id='word_1_182' title='bbox 682 971 788 1009; x_wconf 91' lang='lat' dir='ltr'><strong>immo</strong></span> <span class='ocrx_word' id='word_1_183' title='bbox 815 974 953 1013; x_wconf 84' lang='lat' dir='ltr'><strong>Caesari</strong></span> <span class='ocrx_word' id='word_1_184' title='bbox 978 979 1063 1025; x_wconf 84' lang='lat' dir='ltr'><strong>ipsi,</strong></span> <span class='ocrx_word' id='word_1_185' title='bbox 1100 984 1191 1029; x_wconf 90' lang='lat' dir='ltr'><strong>quod</strong></span> <span class='ocrx_word' id='word_1_186' title='bbox 1216 985 1252 1021; x_wconf 91' lang='lat' dir='ltr'><strong>in</strong></span> <span class='ocrx_word' id='word_1_187' title='bbox 1277 986 1430 1034; x_wconf 85' lang='lat' dir='ltr'><strong>legiones</strong></span> <span class='ocrx_word' id='word_1_188' title='bbox 1456 993 1638 1032; x_wconf 84' lang='lat' dir='ltr'><strong>seditiosas</strong></span> <span class='ocrx_word' id='word_1_189' title='bbox 1663 998 1778 1036; x_wconf 88' lang='lat' dir='ltr'><strong>minus</strong></span> 
     </span>
     <span class='ocr_line' id='line_1_18' title="bbox 167 1019 1775 1101; baseline 0.026 -50"><span class='ocrx_word' id='word_1_190' title='bbox 167 1019 322 1063; x_wconf 87' lang='lat' dir='ltr'><strong>graviter</strong></span> <span class='ocrx_word' id='word_1_191' title='bbox 358 1022 660 1070; x_wconf 88' lang='lat' dir='ltr'><strong>animadverterit,</strong></span> <span class='ocrx_word' id='word_1_192' title='bbox 696 1041 862 1076; x_wconf 87' lang='lat' dir='ltr'><strong>magnam</strong></span> <span class='ocrx_word' id='word_1_193' title='bbox 902 1036 1067 1073; x_wconf 88' lang='lat' dir='ltr'><strong>invidiam</strong></span> <span class='ocrx_word' id='word_1_194' title='bbox 1101 1045 1255 1078; x_wconf 83' lang='lat' dir='ltr'><strong>exortam</strong></span> <span class='ocrx_word' id='word_1_195' title='bbox 1289 1056 1365 1082; x_wconf 88' lang='lat' dir='ltr'><strong>esse</strong></span> <span class='ocrx_word' id='word_1_196' title='bbox 1399 1048 1482 1085; x_wconf 86' lang='lat' dir='ltr'><strong>dicit</strong></span> <span class='ocrx_word' id='word_1_197' title='bbox 1515 1052 1722 1091; x_wconf 86' lang='lat' dir='ltr'><strong>Plutarchus</strong></span> <span class='ocrx_word' id='word_1_198' title='bbox 1735 1057 1775 1101; x_wconf 82' lang='lat'><strong>⁸),</strong></span> 
     </span>
     <span class='ocr_line' id='line_1_19' title="bbox 168 1076 1775 1150; baseline 0.026 -42"><span class='ocrx_word' id='word_1_199' title='bbox 168 1076 284 1111; x_wconf 86' lang='lat' dir='ltr'><strong>tamen</strong></span> <span class='ocrx_word' id='word_1_200' title='bbox 319 1078 563 1118; x_wconf 88' lang='lat' dir='ltr'><strong>infestissimos</strong></span> <span class='ocrx_word' id='word_1_201' title='bbox 598 1084 704 1122; x_wconf 86' lang='lat' dir='ltr'><strong>fuisse</strong></span> <span class='ocrx_word' id='word_1_202' title='bbox 739 1089 866 1126; x_wconf 87' lang='lat' dir='ltr'><strong>milites</strong></span> <span class='ocrx_word' id='word_1_203' title='bbox 901 1092 1069 1139; x_wconf 85' lang='lat' dir='ltr'><strong>Salustio,</strong></span> <span class='ocrx_word' id='word_1_204' title='bbox 1105 1109 1228 1144; x_wconf 87' lang='lat' dir='ltr'><strong>quem,</strong></span> <span class='ocrx_word' id='word_1_205' title='bbox 1264 1099 1343 1139; x_wconf 84' lang='lat' dir='ltr'><strong>cum</strong></span> <span class='ocrx_word' id='word_1_206' title='bbox 1385 1107 1488 1142; x_wconf 89' lang='lat' dir='ltr'><strong>modo</strong></span> <span class='ocrx_word' id='word_1_207' title='bbox 1531 1110 1585 1146; x_wconf 90' lang='lat' dir='ltr'><strong>sui</strong></span> <span class='ocrx_word' id='word_1_208' title='bbox 1626 1112 1775 1150; x_wconf 83' lang='lat' dir='ltr'><strong>similem</strong></span> 
     </span>
     <span class='ocr_line' id='line_1_20' title="bbox 166 1134 1771 1209; baseline 0.026 -44"><span class='ocrx_word' id='word_1_209' title='bbox 166 1134 420 1178; x_wconf 79' lang='lat' dir='ltr'><strong>cognovissent,</strong></span> <span class='ocrx_word' id='word_1_210' title='bbox 448 1138 517 1174; x_wconf 88' lang='lat' dir='ltr'><strong>iam</strong></span> <span class='ocrx_word' id='word_1_211' title='bbox 542 1144 739 1186; x_wconf 86' lang='lat' dir='ltr'><strong>praetorem</strong></span> <span class='ocrx_word' id='word_1_212' title='bbox 765 1146 831 1182; x_wconf 88' lang='lat' dir='ltr'><strong>sibi</strong></span> <span class='ocrx_word' id='word_1_213' title='bbox 850 1148 1021 1194; x_wconf 88' lang='lat' dir='ltr'><strong>imperare</strong></span> <span class='ocrx_word' id='word_1_214' title='bbox 1047 1154 1316 1201; x_wconf 86' lang='lat' dir='ltr'><strong>dedignarentur</strong></span> <span class='ocrx_word' id='word_1_215' title='bbox 1330 1160 1367 1205; x_wconf 76' lang='lat'><strong>⁹),</strong></span> <span class='ocrx_word' id='word_1_216' title='bbox 1396 1165 1430 1198; x_wconf 91' lang='lat' dir='ltr'><strong>et</strong></span> <span class='ocrx_word' id='word_1_217' title='bbox 1446 1175 1570 1209; x_wconf 88' lang='lat' dir='ltr'><strong>parum</strong></span> <span class='ocrx_word' id='word_1_218' title='bbox 1596 1169 1627 1203; x_wconf 89' lang='lat' dir='ltr'><strong>ei</strong></span> <span class='ocrx_word' id='word_1_219' title='bbox 1652 1169 1771 1207; x_wconf 87' lang='lat' dir='ltr'><strong>fidisse</strong></span> 
     </span>
     <span class='ocr_line' id='line_1_21' title="bbox 164 1193 1771 1274; baseline 0.026 -51"><span class='ocrx_word' id='word_1_220' title='bbox 164 1199 205 1224; x_wconf 85' lang='lat' dir='ltr'><strong>ex</strong></span> <span class='ocrx_word' id='word_1_221' title='bbox 232 1200 272 1225; x_wconf 88' lang='lat' dir='ltr'><strong>eo</strong></span> <span class='ocrx_word' id='word_1_222' title='bbox 298 1193 489 1237; x_wconf 88' lang='lat' dir='ltr'><strong>conficitur,</strong></span> <span class='ocrx_word' id='word_1_223' title='bbox 517 1199 608 1242; x_wconf 88' lang='lat' dir='ltr'><strong>quod</strong></span> <span class='ocrx_word' id='word_1_224' title='bbox 626 1200 819 1246; x_wconf 86' lang='lat' dir='ltr'><strong>fugientem</strong></span> <span class='ocrx_word' id='word_1_225' title='bbox 837 1215 915 1241; x_wconf 91' lang='lat' dir='ltr'><strong>eum</strong></span> <span class='ocrx_word' id='word_1_226' title='bbox 942 1210 1037 1245; x_wconf 90' lang='lat' dir='ltr'><strong>tanto</strong></span> <span class='ocrx_word' id='word_1_227' title='bbox 1068 1213 1182 1249; x_wconf 90' lang='lat' dir='ltr'><strong>studio</strong></span> <span class='ocrx_word' id='word_1_228' title='bbox 1203 1219 1376 1261; x_wconf 83' lang='lat' dir='ltr'><strong>persecuti</strong></span> <span class='ocrx_word' id='word_1_229' title='bbox 1395 1224 1475 1256; x_wconf 86' lang='lat' dir='ltr'><strong>sunt</strong></span> <span class='ocrx_word' id='word_1_230' title='bbox 1501 1225 1535 1258; x_wconf 91' lang='lat' dir='ltr'><strong>et</strong></span> <span class='ocrx_word' id='word_1_231' title='bbox 1557 1224 1771 1274; x_wconf 86' lang='lat' dir='ltr'><strong>interrogati,</strong></span> 
     </span>
     <span class='ocr_line' id='line_1_22' title="bbox 162 1242 1771 1332; baseline 0.025 -53"><span class='ocrx_word' id='word_1_232' title='bbox 162 1242 198 1280; x_wconf 85' lang='grc' dir='ltr'><em>τί</em></span> <span class='ocrx_word' id='word_1_233' title='bbox 221 1247 432 1294; x_wconf 80' lang='grc' dir='ltr'><em>βουλόμενοι</em></span> <span class='ocrx_word' id='word_1_234' title='bbox 457 1251 515 1288; x_wconf 81' lang='grc' dir='ltr'><em>καὶ</em></span> <span class='ocrx_word' id='word_1_235' title='bbox 539 1252 633 1298; x_wconf 82' lang='grc' dir='ltr'><em>τίνος</em></span> <span class='ocrx_word' id='word_1_236' title='bbox 657 1258 836 1306; x_wconf 77' lang='grc' dir='ltr'><em>χρῄζοντες</em></span> <span class='ocrx_word' id='word_1_237' title='bbox 860 1260 997 1310; x_wconf 54' lang='lat' dir='ltr'><strong>{juetam</strong></span> <span class='ocrx_word' id='word_1_238' title='bbox 1029 1272 1300 1315; x_wconf 82' lang='lat' dir='ltr'><strong>responderunt:</strong></span> <span class='ocrx_word' id='word_1_239' title='bbox 1338 1272 1393 1310; x_wconf 80' lang='grc' dir='ltr'><em>ὅτι</em></span> <span class='ocrx_word' id='word_1_240' title='bbox 1427 1278 1520 1325; x_wconf 77' lang='grc' dir='ltr'><em>αὐτῷ</em></span> <span class='ocrx_word' id='word_1_241' title='bbox 1553 1279 1674 1328; x_wconf 78' lang='grc' dir='ltr'><em>ἐκείνῳ</em></span> <span class='ocrx_word' id='word_1_242' title='bbox 1707 1286 1771 1332; x_wconf 77' lang='grc' dir='ltr'><strong>(τῷ</strong></span> 
     </span>
     <span class='ocr_line' id='line_1_23' title="bbox 162 1300 1770 1381; baseline 0.026 -45"><span class='ocrx_word' id='word_1_243' title='bbox 162 1300 331 1352; x_wconf 85' lang='grc' dir='ltr'><em>Καίσαρι)</em></span> <span class='ocrx_word' id='word_1_244' title='bbox 359 1308 567 1356; x_wconf 61' lang='grc' dir='ltr'><em>ἐροῦσινῙΟ).</em></span> <span class='ocrx_word' id='word_1_245' title='bbox 594 1315 711 1360; x_wconf 90' lang='lat' dir='ltr'><strong>Atque</strong></span> <span class='ocrx_word' id='word_1_246' title='bbox 738 1321 957 1358; x_wconf 86' lang='lat' dir='ltr'><strong>excusatione</strong></span> <span class='ocrx_word' id='word_1_247' title='bbox 984 1335 1069 1369; x_wconf 91' lang='lat' dir='ltr'><strong>opus</strong></span> <span class='ocrx_word' id='word_1_248' title='bbox 1086 1326 1193 1364; x_wconf 86' lang='lat' dir='ltr'><strong>fuisse</strong></span> <span class='ocrx_word' id='word_1_249' title='bbox 1219 1330 1368 1368; x_wconf 88' lang='lat' dir='ltr'><strong>Salustio</strong></span> <span class='ocrx_word' id='word_1_250' title='bbox 1395 1345 1507 1381; x_wconf 90' lang='lat' dir='ltr'><strong>neque</strong></span> <span class='ocrx_word' id='word_1_251' title='bbox 1533 1348 1573 1373; x_wconf 88' lang='lat' dir='ltr'><strong>ea</strong></span> <span class='ocrx_word' id='word_1_252' title='bbox 1598 1340 1645 1375; x_wconf 85' lang='lat' dir='ltr'><strong>ita</strong></span> <span class='ocrx_word' id='word_1_253' title='bbox 1670 1343 1770 1378; x_wconf 88' lang='lat' dir='ltr'><strong>satis-</strong></span> 
     </span>
     <span class='ocr_line' id='line_1_24' title="bbox 159 1359 1768 1445; baseline 0.026 -51"><span class='ocrx_word' id='word_1_254' title='bbox 159 1359 284 1398; x_wconf 80' lang='lat' dir='ltr'><strong>fecisse</strong></span> <span class='ocrx_word' id='word_1_255' title='bbox 310 1363 465 1410; x_wconf 88' lang='lat' dir='ltr'><strong>Caesari,</strong></span> <span class='ocrx_word' id='word_1_256' title='bbox 493 1372 532 1404; x_wconf 90' lang='lat' dir='ltr'><strong>ut</strong></span> <span class='ocrx_word' id='word_1_257' title='bbox 558 1372 670 1407; x_wconf 88' lang='lat' dir='ltr'><strong>omnis</strong></span> <span class='ocrx_word' id='word_1_258' title='bbox 696 1375 847 1420; x_wconf 88' lang='lat' dir='ltr'><strong>suspicio</strong></span> <span class='ocrx_word' id='word_1_259' title='bbox 874 1378 1073 1426; x_wconf 82' lang='lat' dir='ltr'><strong>tolleretur,</strong></span> <span class='ocrx_word' id='word_1_260' title='bbox 1102 1385 1262 1430; x_wconf 88' lang='lat' dir='ltr'><strong>equidem</strong></span> <span class='ocrx_word' id='word_1_261' title='bbox 1288 1399 1330 1424; x_wconf 82' lang='lat' dir='ltr'><strong>ex</strong></span> <span class='ocrx_word' id='word_1_262' title='bbox 1356 1401 1396 1426; x_wconf 91' lang='lat' dir='ltr'><strong>eo</strong></span> <span class='ocrx_word' id='word_1_263' title='bbox 1422 1394 1648 1440; x_wconf 87' lang='lat' dir='ltr'><strong>coniecerim,</strong></span> <span class='ocrx_word' id='word_1_264' title='bbox 1676 1401 1768 1445; x_wconf 89' lang='lat' dir='ltr'><strong>quod</strong></span> 
     </span>
     <span class='ocr_line' id='line_1_25' title="bbox 158 1418 1764 1501; baseline 0.025 -49"><span class='ocrx_word' id='word_1_265' title='bbox 158 1418 217 1453; x_wconf 92' lang='lat' dir='ltr'><strong>ubi</strong></span> <span class='ocrx_word' id='word_1_266' title='bbox 243 1420 286 1455; x_wconf 90' lang='lat' dir='ltr'><strong>ad</strong></span> <span class='ocrx_word' id='word_1_267' title='bbox 313 1420 492 1460; x_wconf 87' lang='lat' dir='ltr'><strong>Cercinam</strong></span> <span class='ocrx_word' id='word_1_268' title='bbox 517 1427 666 1465; x_wconf 88' lang='lat' dir='ltr'><strong>insulam</strong></span> <span class='ocrx_word' id='word_1_269' title='bbox 691 1432 786 1468; x_wconf 86' lang='lat' dir='ltr'><strong>misit</strong></span> <span class='ocrx_word' id='word_1_270' title='bbox 822 1434 1028 1481; x_wconf 87' lang='lat' dir='ltr'><strong>Salustium,</strong></span> <span class='ocrx_word' id='word_1_271' title='bbox 1055 1440 1103 1476; x_wconf 91' lang='lat' dir='ltr'><strong>ita</strong></span> <span class='ocrx_word' id='word_1_272' title='bbox 1128 1442 1310 1488; x_wconf 85' lang='lat' dir='ltr'><strong>imperavit</strong></span> <span class='ocrx_word' id='word_1_273' title='bbox 1336 1446 1478 1492; x_wconf 85' lang='lat' dir='ltr'><strong>Caesar,</strong></span> <span class='ocrx_word' id='word_1_274' title='bbox 1505 1451 1554 1487; x_wconf 89' lang='lat' dir='ltr'><strong>ita</strong></span> <span class='ocrx_word' id='word_1_275' title='bbox 1578 1457 1764 1501; x_wconf 88' lang='lat' dir='ltr'><strong>praecepit,</strong></span> 
     </span>
    </p>
   </div>
   <div class='ocr_carea' id='block_1_4' title="bbox 157 1475 1765 1591">
    <p class='ocr_par' dir='ltr' id='par_1_4' title="bbox 157 1475 1765 1591">
     <span class='ocr_line' id='line_1_26' title="bbox 157 1475 1765 1550; baseline 0.026 -42"><span class='ocrx_word' id='word_1_276' title='bbox 157 1475 208 1510; x_wconf 88' lang='lat' dir='ltr'><strong>uti</strong></span> <span class='ocrx_word' id='word_1_277' title='bbox 233 1476 309 1512; x_wconf 90' lang='lat' dir='ltr'><strong>fieri</strong></span> <span class='ocrx_word' id='word_1_278' title='bbox 334 1484 453 1524; x_wconf 89' lang='lat' dir='ltr'><strong>posset</strong></span> <span class='ocrx_word' id='word_1_279' title='bbox 478 1494 597 1527; x_wconf 87' lang='lat' dir='ltr'><strong>necne,</strong></span> <span class='ocrx_word' id='word_1_280' title='bbox 625 1486 772 1524; x_wconf 86' lang='lat' dir='ltr'><strong>locum</strong></span> <span class='ocrx_word' id='word_1_281' title='bbox 798 1495 1036 1532; x_wconf 83' lang='lat' dir='ltr'><strong>excusatio</strong></span> <span class='ocrx_word' id='word_1_282' title='bbox 1062 1498 1236 1537; x_wconf 90' lang='lat' dir='ltr'><strong>nullum</strong></span> <span class='ocrx_word' id='word_1_283' title='bbox 1260 1501 1465 1550; x_wconf 87' lang='lat' dir='ltr'><strong>haberet,</strong></span> <span class='ocrx_word' id='word_1_284' title='bbox 1491 1519 1572 1545; x_wconf 93' lang='lat' dir='ltr'><strong>nec</strong></span> <span class='ocrx_word' id='word_1_285' title='bbox 1597 1522 1765 1550; x_wconf 88' lang='lat' dir='ltr'><strong>moram</strong></span> 
     </span>
     <span class='ocr_line' id='line_1_27' title="bbox 157 1534 793 1591; baseline 0.025 -24"><span class='ocrx_word' id='word_1_286' title='bbox 157 1534 497 1579; x_wconf 87' lang='lat' dir='ltr'><strong>tergiversatio</strong></span> <span class='ocrx_word' id='word_1_287' title='bbox 524 1542 617 1586; x_wconf 92' lang='lat' dir='ltr'><strong>(bell.</strong></span> <span class='ocrx_word' id='word_1_288' title='bbox 644 1545 719 1581; x_wconf 86' lang='lat' dir='ltr'><strong>Afr.</strong></span> <span class='ocrx_word' id='word_1_289' title='bbox 748 1548 793 1591; x_wconf 82' lang='lat'><strong>8).</strong></span> 
     </span>
    </p>
   </div>
   <div class='ocr_carea' id='block_1_5' title="bbox 0 0 94 475">
    <p class='ocr_par' dir='ltr' id='par_1_5' title="bbox 0 0 94 475">
     <span class='ocr_line' id='line_1_28' title="bbox 0 0 94 475; baseline 0 2384"><span class='ocrx_word' id='word_1_290' title='bbox 0 0 94 475; x_wconf 95' lang='lat' dir='ltr'><strong> </strong></span> 
     </span>
    </p>
   </div>
   <div class='ocr_carea' id='block_1_6' title="bbox 0 335 36 695">
    <p class='ocr_par' dir='ltr' id='par_1_6' title="bbox 0 335 36 695">
     <span class='ocr_line' id='line_1_29' title="bbox 21 335 31 349; baseline 0 0"><span class='ocrx_word' id='word_1_291' title='bbox 21 335 31 349; x_wconf 61' lang='grc' dir='ltr'><em>θ</em></span> 
     </span>
     <span class='ocr_line' id='line_1_30' title="bbox 0 587 36 634; baseline -0.111 0"><span class='ocrx_word' id='word_1_292' title='bbox 0 587 36 634; x_wconf 57' lang='grc'><strong>1.*</strong></span> 
     </span>
     <span class='ocr_line' id='line_1_31' title="bbox 0 639 12 660; baseline 0 0"><span class='ocrx_word' id='word_1_293' title='bbox 0 639 12 660; x_wconf 58' lang='grc' dir='ltr'><strong><em>ἶ</em></strong></span> 
     </span>
     <span class='ocr_line' id='line_1_32' title="bbox 0 662 9 695; baseline 0 0"><span class='ocrx_word' id='word_1_294' title='bbox 0 662 9 695; x_wconf 70' lang='grc' dir='ltr'><strong>ε·-</strong></span> 
     </span>
    </p>
   </div>
   <div class='ocr_carea' id='block_1_7' title="bbox 155 1611 383 1619">
    <p class='ocr_par' dir='ltr' id='par_1_7' title="bbox 155 1611 383 1619">
     <span class='ocr_line' id='line_1_33' title="bbox 155 1611 383 1619; baseline 0 1240"><span class='ocrx_word' id='word_1_295' title='bbox 155 1611 383 1619; x_wconf 95' lang='lat' dir='ltr'><strong> </strong></span> 
     </span>
    </p>
   </div>
   <div class='ocr_carea' id='block_1_8' title="bbox 12 1649 1873 2674">
    <p class='ocr_par' dir='ltr' id='par_1_8' title="bbox 231 1649 492 1689">
     <span class='ocr_line' id='line_1_34' title="bbox 231 1649 492 1689; baseline 0.023 -12"><span class='ocrx_word' id='word_1_296' title='bbox 231 1649 253 1682; x_wconf 87' lang='lat'><strong>¹)</strong></span> <span class='ocrx_word' id='word_1_297' title='bbox 274 1651 349 1689; x_wconf 77' lang='lat' dir='ltr'><strong>Lang</strong></span> <span class='ocrx_word' id='word_1_298' title='bbox 368 1653 405 1681; x_wconf 86' lang='grc' dir='ltr'>ΙΙΙ.</span> <span class='ocrx_word' id='word_1_299' title='bbox 428 1654 492 1683; x_wconf 75' lang='grc'>427.</span> 
     </span>
    </p>

    <p class='ocr_par' dir='ltr' id='par_1_9' title="bbox 232 1696 427 1734">
     <span class='ocr_line' id='line_1_35' title="bbox 232 1696 427 1734; baseline 0.021 -10"><span class='ocrx_word' id='word_1_300' title='bbox 232 1696 255 1734; x_wconf 76' lang='lat'><strong>²)</strong></span> <span class='ocrx_word' id='word_1_301' title='bbox 277 1699 305 1725; x_wconf 83' lang='grc' dir='ltr'><strong>Β.</strong></span> <span class='ocrx_word' id='word_1_302' title='bbox 328 1701 379 1727; x_wconf 69' lang='lat' dir='ltr'><strong>Ast.</strong></span> <span class='ocrx_word' id='word_1_303' title='bbox 402 1702 427 1728; x_wconf 86' lang='lat' dir='ltr'><strong>s.</strong></span> 
     </span>
    </p>

    <p class='ocr_par' dir='ltr' id='par_1_10' title="bbox 230 1743 428 1781">
     <span class='ocr_line' id='line_1_36' title="bbox 230 1743 428 1781; baseline 0.02 -9"><span class='ocrx_word' id='word_1_304' title='bbox 230 1743 254 1781; x_wconf 77' lang='lat'><strong>³)</strong></span> <span class='ocrx_word' id='word_1_305' title='bbox 275 1746 314 1780; x_wconf 85' lang='grc'>111,</span> <span class='ocrx_word' id='word_1_306' title='bbox 335 1747 428 1776; x_wconf 70' lang='lat'><strong>42710.</strong></span> 
     </span>
    </p>

    <p class='ocr_par' dir='ltr' id='par_1_11' title="bbox 229 1792 514 1828">
     <span class='ocr_line' id='line_1_37' title="bbox 229 1792 514 1828; baseline 0.025 -8"><span class='ocrx_word' id='word_1_307' title='bbox 229 1792 252 1828; x_wconf 83' lang='lat'><strong>⁴)</strong></span> <span class='ocrx_word' id='word_1_308' title='bbox 274 1794 348 1822; x_wconf 86' lang='lat' dir='ltr'><strong>Suet.</strong></span> <span class='ocrx_word' id='word_1_309' title='bbox 371 1796 447 1825; x_wconf 86' lang='lat' dir='ltr'><strong>Caes.</strong></span> <span class='ocrx_word' id='word_1_310' title='bbox 471 1799 514 1828; x_wconf 84' lang='lat'><strong>76.</strong></span> 
     </span>
    </p>

    <p class='ocr_par' dir='ltr' id='par_1_12' title="bbox 229 1834 1053 1888">
     <span class='ocr_line' id='line_1_38' title="bbox 229 1834 1053 1888; baseline 0.032 -26"><span class='ocrx_word' id='word_1_311' title='bbox 229 1839 254 1875; x_wconf 76' lang='lat'><strong>⁵)</strong></span> <span class='ocrx_word' id='word_1_312' title='bbox 275 1834 379 1875; x_wconf 79' lang='grc' dir='ltr'><em>χιλίας</em></span> <span class='ocrx_word' id='word_1_313' title='bbox 403 1837 552 1880; x_wconf 77' lang='grc' dir='ltr'><em>δραχμάς</em></span> <span class='ocrx_word' id='word_1_314' title='bbox 578 1861 611 1873; x_wconf 80' lang='lat'><strong><em>=</em></strong></span> <span class='ocrx_word' id='word_1_315' title='bbox 636 1851 698 1884; x_wconf 80' lang='lat'><strong>965,</strong></span> <span class='ocrx_word' id='word_1_316' title='bbox 720 1852 738 1879; x_wconf 70' lang='lat'>4</span> <span class='ocrx_word' id='word_1_317' title='bbox 759 1854 885 1883; x_wconf 83' lang='lat' dir='ltr'><strong>denarios</strong></span> <span class='ocrx_word' id='word_1_318' title='bbox 908 1869 942 1881; x_wconf 95' lang='lat'><strong><em>=</em></strong></span> <span class='ocrx_word' id='word_1_319' title='bbox 965 1858 983 1885; x_wconf 76' lang='grc'><strong>4</strong></span> <span class='ocrx_word' id='word_1_320' title='bbox 1004 1859 1053 1888; x_wconf 79' lang='lat' dir='ltr'><strong>HS.</strong></span> 
     </span>
    </p>

    <p class='ocr_par' dir='ltr' id='par_1_13' title="bbox 12 1886 1756 1967">
     <span class='ocr_line' id='line_1_39' title="bbox 12 1886 1756 1967; baseline 0.026 -52"><span class='ocrx_word' id='word_1_321' title='bbox 12 1897 31 1908; x_wconf 58' lang='grc' dir='ltr'><em>τ</em></span> <span class='ocrx_word' id='word_1_322' title='bbox 224 1886 247 1924; x_wconf 82' lang='lat'><strong>⁸)</strong></span> <span class='ocrx_word' id='word_1_323' title='bbox 269 1888 293 1916; x_wconf 82' lang='lat' dir='ltr'><strong>b·</strong></span> <span class='ocrx_word' id='word_1_324' title='bbox 315 1898 338 1918; x_wconf 72' lang='grc' dir='ltr'><strong>ὓ·</strong></span> <span class='ocrx_word' id='word_1_325' title='bbox 359 1890 388 1926; x_wconf 67' lang='grc' dir='ltr'><strong>Π,</strong></span> <span class='ocrx_word' id='word_1_326' title='bbox 410 1893 460 1921; x_wconf 76' lang='lat'><strong>92³</strong></span> <span class='ocrx_word' id='word_1_327' title='bbox 482 1894 499 1927; x_wconf 87' lang='grc' dir='ltr'>ὁ</span> <span class='ocrx_word' id='word_1_328' title='bbox 527 1896 561 1930; x_wconf 84' lang='grc' dir='ltr'><strong>δὲ</strong></span> <span class='ocrx_word' id='word_1_329' title='bbox 588 1900 743 1944; x_wconf 82' lang='grc' dir='ltr'><em>(Καῖσαρ)</em></span> <span class='ocrx_word' id='word_1_330' title='bbox 770 1904 973 1948; x_wconf 77' lang='grc' dir='ltr'><em>ἐπηγγέλλετο</em></span> <span class='ocrx_word' id='word_1_331' title='bbox 999 1909 1056 1951; x_wconf 84' lang='grc' dir='ltr'><strong>μὲν</strong></span> <span class='ocrx_word' id='word_1_332' title='bbox 1079 1909 1191 1951; x_wconf 81' lang='grc' dir='ltr'><em>αὐτοῖς</em></span> <span class='ocrx_word' id='word_1_333' title='bbox 1207 1912 1349 1958; x_wconf 73' lang='grc' dir='ltr'><em>ἀόριστα</em></span> <span class='ocrx_word' id='word_1_334' title='bbox 1365 1930 1437 1952; x_wconf 90' lang='grc' dir='ltr'><em>τινα</em></span> <span class='ocrx_word' id='word_1_335' title='bbox 1455 1923 1488 1953; x_wconf 84' lang='grc' dir='ltr'><strong>ἐν</strong></span> <span class='ocrx_word' id='word_1_336' title='bbox 1510 1924 1677 1967; x_wconf 77' lang='grc' dir='ltr'><em>Φαρσάλῳ</em></span> <span class='ocrx_word' id='word_1_337' title='bbox 1702 1929 1756 1961; x_wconf 76' lang='grc' dir='ltr'><em>καὶ</em></span> 
     </span>
    </p>

    <p class='ocr_par' dir='ltr' id='par_1_14' title="bbox 141 1936 1755 2133">
     <span class='ocr_line' id='line_1_40' title="bbox 148 1936 1755 2018; baseline 0.027 -52"><span class='ocrx_word' id='word_1_338' title='bbox 148 1936 240 1978; x_wconf 78' lang='grc' dir='ltr'><em>ἑτέρα</em></span> <span class='ocrx_word' id='word_1_339' title='bbox 265 1936 418 1981; x_wconf 74' lang='grc' dir='ltr'><em>ἀόριστα,</em></span> <span class='ocrx_word' id='word_1_340' title='bbox 452 1939 532 1975; x_wconf 81' lang='grc' dir='ltr'><em>ὅταν</em></span> <span class='ocrx_word' id='word_1_341' title='bbox 558 1944 575 1977; x_wconf 85' lang='grc' dir='ltr'>ὁ</span> <span class='ocrx_word' id='word_1_342' title='bbox 601 1949 634 1978; x_wconf 81' lang='grc' dir='ltr'><strong>ἐν</strong></span> <span class='ocrx_word' id='word_1_343' title='bbox 658 1948 768 1992; x_wconf 82' lang='grc' dir='ltr'><em>Λιβύῃ</em></span> <span class='ocrx_word' id='word_1_344' title='bbox 793 1951 937 1994; x_wconf 76' lang='grc' dir='ltr'><em>πόλεμος</em></span> <span class='ocrx_word' id='word_1_345' title='bbox 959 1957 1155 2002; x_wconf 76' lang='grc' dir='ltr'><em>ἐκτελεσθῇ,</em></span> <span class='ocrx_word' id='word_1_346' title='bbox 1190 1959 1264 1995; x_wconf 78' lang='grc' dir='ltr'><em>τότε</em></span> <span class='ocrx_word' id='word_1_347' title='bbox 1289 1962 1318 1996; x_wconf 72' lang='grc' dir='ltr'><strong>δ’</strong></span> <span class='ocrx_word' id='word_1_348' title='bbox 1344 1963 1483 2008; x_wconf 79' lang='grc' dir='ltr'><em>ἔπεμπεν</em></span> <span class='ocrx_word' id='word_1_349' title='bbox 1507 1967 1608 2010; x_wconf 75' lang='grc' dir='ltr'><em>ἄλλας</em></span> <span class='ocrx_word' id='word_1_350' title='bbox 1633 1972 1755 2018; x_wconf 80' lang='grc' dir='ltr'><em>ὁρίζων</em></span> 
     </span>
     <span class='ocr_line' id='line_1_41' title="bbox 141 1981 1754 2058; baseline 0.028 -45"><span class='ocrx_word' id='word_1_351' title='bbox 141 1981 267 2025; x_wconf 80' lang='grc' dir='ltr'><em>ἑκάστῳ</em></span> <span class='ocrx_word' id='word_1_352' title='bbox 283 1987 388 2029; x_wconf 82' lang='grc' dir='ltr'><em>χιλίας</em></span> <span class='ocrx_word' id='word_1_353' title='bbox 405 1990 571 2034; x_wconf 78' lang='grc' dir='ltr'><em>δραχμάς.</em></span> <span class='ocrx_word' id='word_1_354' title='bbox 599 1995 630 2026; x_wconf 74' lang='grc' dir='ltr'><em>οἱ</em></span> <span class='ocrx_word' id='word_1_355' title='bbox 657 1995 692 2028; x_wconf 80' lang='grc' dir='ltr'><strong>δὲ</strong></span> <span class='ocrx_word' id='word_1_356' title='bbox 718 1995 820 2031; x_wconf 81' lang='grc' dir='ltr'><em>αὐτόν</em></span> <span class='ocrx_word' id='word_1_357' title='bbox 846 1998 904 2045; x_wconf 80' lang='grc' dir='ltr'><em>οὐχ</em></span> <span class='ocrx_word' id='word_1_358' title='bbox 926 2000 1158 2049; x_wconf 76' lang='grc' dir='ltr'><em>ὑπισχνεῖσθαι</em></span> <span class='ocrx_word' id='word_1_359' title='bbox 1181 2010 1307 2052; x_wconf 78' lang='grc' dir='ltr'><em>μᾶλλον</em></span> <span class='ocrx_word' id='word_1_360' title='bbox 1324 2010 1345 2057; x_wconf 78' lang='grc' dir='ltr'><em>ἢ</em></span> <span class='ocrx_word' id='word_1_361' title='bbox 1363 2013 1478 2050; x_wconf 77' lang='grc' dir='ltr'><em>αὐτίκα</em></span> <span class='ocrx_word' id='word_1_362' title='bbox 1500 2017 1628 2055; x_wconf 75' lang='grc' dir='ltr'><em>διδόναι</em></span> <span class='ocrx_word' id='word_1_363' title='bbox 1646 2020 1754 2058; x_wconf 77' lang='grc' dir='ltr'><em>πάντα</em></span> 
     </span>
     <span class='ocr_line' id='line_1_42' title="bbox 142 2030 1752 2113; baseline 0.027 -51"><span class='ocrx_word' id='word_1_364' title='bbox 142 2030 287 2065; x_wconf 78' lang='grc' dir='ltr'><em>ἐκέλευον</em></span> <span class='ocrx_word' id='word_1_365' title='bbox 319 2035 372 2068; x_wconf 84' lang='grc' dir='ltr'><em>καὶ</em></span> <span class='ocrx_word' id='word_1_366' title='bbox 406 2038 479 2081; x_wconf 80' lang='grc' dir='ltr'><em>περὶ</em></span> <span class='ocrx_word' id='word_1_367' title='bbox 512 2042 614 2075; x_wconf 78' lang='grc' dir='ltr'><em>τῶνδε</em></span> <span class='ocrx_word' id='word_1_368' title='bbox 648 2043 854 2081; x_wconf 79' lang='grc' dir='ltr'><em>Σαλούστιον</em></span> <span class='ocrx_word' id='word_1_369' title='bbox 877 2050 1032 2094; x_wconf 87' lang='grc' dir='ltr'><em>Κρίσπον</em></span> <span class='ocrx_word' id='word_1_370' title='bbox 1063 2058 1258 2099; x_wconf 75' lang='grc' dir='ltr'><em>πεμφθέντα</em></span> <span class='ocrx_word' id='word_1_371' title='bbox 1288 2060 1372 2104; x_wconf 83' lang='grc' dir='ltr'><em>πρός</em></span> <span class='ocrx_word' id='word_1_372' title='bbox 1406 2063 1524 2105; x_wconf 74' lang='grc' dir='ltr'><em>αὖτοῦς</em></span> <span class='ocrx_word' id='word_1_373' title='bbox 1557 2067 1664 2113; x_wconf 79' lang='grc' dir='ltr'><em>ὀλίγον</em></span> <span class='ocrx_word' id='word_1_374' title='bbox 1697 2074 1752 2105; x_wconf 80' lang='grc' dir='ltr'><strong><em>καί</em></strong></span> 
     </span>
     <span class='ocr_line' id='line_1_43' title="bbox 142 2080 651 2133; baseline 0.026 -23"><span class='ocrx_word' id='word_1_375' title='bbox 142 2080 345 2123; x_wconf 78' lang='grc' dir='ltr'><em>διέφθειραν,</em></span> <span class='ocrx_word' id='word_1_376' title='bbox 373 2086 400 2116; x_wconf 83' lang='grc' dir='ltr'><strong>εἰ</strong></span> <span class='ocrx_word' id='word_1_377' title='bbox 423 2085 468 2128; x_wconf 81' lang='grc' dir='ltr'><strong>μή</strong></span> <span class='ocrx_word' id='word_1_378' title='bbox 497 2089 651 2133; x_wconf 77' lang='grc' dir='ltr'><em>διέφυγεν.</em></span> 
     </span>
    </p>

    <p class='ocr_par' dir='ltr' id='par_1_15' title="bbox 135 2135 1749 2402">
     <span class='ocr_line' id='line_1_44' title="bbox 219 2135 1749 2216; baseline 0.028 -48"><span class='ocrx_word' id='word_1_379' title='bbox 219 2135 241 2171; x_wconf 91' lang='grc'><strong>“’)</strong></span> <span class='ocrx_word' id='word_1_380' title='bbox 262 2137 307 2170; x_wconf 74' lang='lat'><strong>42,</strong></span> <span class='ocrx_word' id='word_1_381' title='bbox 330 2139 374 2173; x_wconf 77' lang='lat'><strong>52,</strong></span> <span class='ocrx_word' id='word_1_382' title='bbox 398 2141 422 2167; x_wconf 80' lang='lat'><strong>¹-</strong></span> <span class='ocrx_word' id='word_1_383' title='bbox 445 2142 475 2169; x_wconf 66' lang='grc' dir='ltr'><strong>Ξῖ</strong></span> <span class='ocrx_word' id='word_1_384' title='bbox 509 2146 542 2176; x_wconf 80' lang='grc' dir='ltr'><strong>ἐν</strong></span> <span class='ocrx_word' id='word_1_385' title='bbox 566 2147 750 2191; x_wconf 76' lang='grc' dir='ltr'><em>Καμπανίᾳ</em></span> <span class='ocrx_word' id='word_1_386' title='bbox 776 2152 805 2183; x_wconf 83' lang='grc' dir='ltr'><em>οἱ</em></span> <span class='ocrx_word' id='word_1_387' title='bbox 832 2153 962 2194; x_wconf 80' lang='grc' dir='ltr'><em>πλείους</em></span> <span class='ocrx_word' id='word_1_388' title='bbox 986 2155 1094 2192; x_wconf 75' lang='grc' dir='ltr'><em>αὐτῶν</em></span> <span class='ocrx_word' id='word_1_389' title='bbox 1127 2161 1203 2204; x_wconf 76' lang='grc' dir='ltr'><em>(ταῖν</em></span> <span class='ocrx_word' id='word_1_390' title='bbox 1228 2168 1450 2214; x_wconf 68' lang='grc' dir='ltr'><em>στρατιωτῶν)</em></span> <span class='ocrx_word' id='word_1_391' title='bbox 1466 2196 1472 2203; x_wconf 98' lang='grc'><em>.</em></span> <span class='ocrx_word' id='word_1_392' title='bbox 1488 2197 1495 2204; x_wconf 90' lang='grc'><strong>.</strong></span> <span class='ocrx_word' id='word_1_393' title='bbox 1529 2167 1630 2216; x_wconf 80' lang='grc' dir='ltr'><em>ἦσαν.</em></span> <span class='ocrx_word' id='word_1_394' title='bbox 1658 2170 1749 2211; x_wconf 78' lang='grc' dir='ltr'><em>οὗτοι</em></span> 
     </span>
     <span class='ocr_line' id='line_1_45' title="bbox 138 2180 1745 2264; baseline 0.027 -49"><span class='ocrx_word' id='word_1_395' title='bbox 138 2180 197 2215; x_wconf 87' lang='grc' dir='ltr'><strong>τόν</strong></span> <span class='ocrx_word' id='word_1_396' title='bbox 221 2196 256 2218; x_wconf 84' lang='grc' dir='ltr'><em>τε</em></span> <span class='ocrx_word' id='word_1_397' title='bbox 280 2186 487 2223; x_wconf 82' lang='grc' dir='ltr'><em>Σαλούστιον</em></span> <span class='ocrx_word' id='word_1_398' title='bbox 512 2195 581 2237; x_wconf 83' lang='grc' dir='ltr'><em>παρ’</em></span> <span class='ocrx_word' id='word_1_399' title='bbox 607 2193 715 2239; x_wconf 82' lang='grc' dir='ltr'><em>ὀλίγον</em></span> <span class='ocrx_word' id='word_1_400' title='bbox 739 2197 940 2243; x_wconf 77' lang='grc' dir='ltr'><em>ἀπέκτειναν,</em></span> <span class='ocrx_word' id='word_1_401' title='bbox 966 2207 1146 2251; x_wconf 77' lang='grc' dir='ltr'><em>στρατηγὸς</em></span> <span class='ocrx_word' id='word_1_402' title='bbox 1162 2209 1222 2254; x_wconf 77' lang='grc' dir='ltr'><em>γοὶρ</em></span> <span class='ocrx_word' id='word_1_403' title='bbox 1247 2213 1303 2245; x_wconf 75' lang='grc' dir='ltr'><em>ἐπί</em></span> <span class='ocrx_word' id='word_1_404' title='bbox 1324 2217 1371 2256; x_wconf 74' lang='grc' dir='ltr'><em>τῷ</em></span> <span class='ocrx_word' id='word_1_405' title='bbox 1394 2216 1452 2260; x_wconf 77' lang='grc' dir='ltr'><em>τήν</em></span> <span class='ocrx_word' id='word_1_406' title='bbox 1475 2219 1600 2264; x_wconf 78' lang='grc' dir='ltr'><em>βουλήν</em></span> <span class='ocrx_word' id='word_1_407' title='bbox 1624 2221 1745 2257; x_wconf 75' lang='grc' dir='ltr'><em>ἀναλα-</em></span> 
     </span>
     <span class='ocr_line' id='line_1_46' title="bbox 138 2231 1747 2313; baseline 0.027 -51"><span class='ocrx_word' id='word_1_408' title='bbox 138 2231 209 2272; x_wconf 83' lang='grc' dir='ltr'><em>βεῖν</em></span> <span class='ocrx_word' id='word_1_409' title='bbox 234 2231 462 2278; x_wconf 68' lang='grc' dir='ltr'><em>ἀπεδέδεικτο,</em></span> <span class='ocrx_word' id='word_1_410' title='bbox 497 2241 550 2272; x_wconf 80' lang='grc' dir='ltr'><em>καὶ</em></span> <span class='ocrx_word' id='word_1_411' title='bbox 575 2242 685 2286; x_wconf 71' lang='grc' dir='ltr'><em>ἐπειδή</em></span> <span class='ocrx_word' id='word_1_412' title='bbox 710 2246 764 2278; x_wconf 82' lang='grc' dir='ltr'><em>καὶ</em></span> <span class='ocrx_word' id='word_1_413' title='bbox 797 2252 915 2287; x_wconf 82' lang='grc' dir='ltr'><em>εκεΐνος</em></span> <span class='ocrx_word' id='word_1_414' title='bbox 949 2253 1115 2297; x_wconf 70' lang='grc' dir='ltr'><em>διαφυγών</em></span> <span class='ocrx_word' id='word_1_415' title='bbox 1138 2255 1257 2297; x_wconf 71' lang='grc' dir='ltr'><em>αὐτοῦς</em></span> <span class='ocrx_word' id='word_1_416' title='bbox 1288 2262 1320 2299; x_wconf 82' lang='grc' dir='ltr'><strong>ἐς</strong></span> <span class='ocrx_word' id='word_1_417' title='bbox 1353 2261 1411 2306; x_wconf 78' lang='grc' dir='ltr'><strong>τήν</strong></span> <span class='ocrx_word' id='word_1_418' title='bbox 1434 2263 1559 2310; x_wconf 72' lang='grc' dir='ltr'><em>Ῥώμην</em></span> <span class='ocrx_word' id='word_1_419' title='bbox 1583 2268 1665 2313; x_wconf 78' lang='grc' dir='ltr'><em>πρὸς</em></span> <span class='ocrx_word' id='word_1_420' title='bbox 1689 2269 1747 2304; x_wconf 76' lang='grc' dir='ltr'><strong>τᾶν</strong></span> 
     </span>
     <span class='ocr_line' id='line_1_47' title="bbox 135 2278 1743 2362; baseline 0.027 -53"><span class='ocrx_word' id='word_1_421' title='bbox 135 2278 295 2323; x_wconf 82' lang='grc' dir='ltr'><em>Καίσαρα</em></span> <span class='ocrx_word' id='word_1_422' title='bbox 321 2278 464 2326; x_wconf 71' lang='grc' dir='ltr'><em>(ὅρμησε,</em></span> <span class='ocrx_word' id='word_1_423' title='bbox 490 2286 531 2319; x_wconf 80' lang='grc' dir='ltr'><em>τοὶ</em></span> <span class='ocrx_word' id='word_1_424' title='bbox 556 2288 722 2333; x_wconf 77' lang='grc' dir='ltr'><em>γιγνόμενά</em></span> <span class='ocrx_word' id='word_1_425' title='bbox 748 2295 778 2326; x_wconf 82' lang='grc' dir='ltr'><em>οἱ</em></span> <span class='ocrx_word' id='word_1_426' title='bbox 805 2295 974 2340; x_wconf 72' lang='grc' dir='ltr'><em>δηλώσων,</em></span> <span class='ocrx_word' id='word_1_427' title='bbox 1000 2301 1180 2343; x_wconf 81' lang='grc' dir='ltr'><em>ἐφέσποντό</em></span> <span class='ocrx_word' id='word_1_428' title='bbox 1205 2317 1238 2339; x_wconf 79' lang='grc' dir='ltr'><em>τε</em></span> <span class='ocrx_word' id='word_1_429' title='bbox 1263 2306 1352 2351; x_wconf 79' lang='grc' dir='ltr'><em>αὐτῷ</em></span> <span class='ocrx_word' id='word_1_430' title='bbox 1377 2314 1487 2357; x_wconf 75' lang='grc' dir='ltr'><em>συχνοὶ</em></span> <span class='ocrx_word' id='word_1_431' title='bbox 1510 2316 1649 2359; x_wconf 77' lang='grc' dir='ltr'><em>μηδενός</em></span> <span class='ocrx_word' id='word_1_432' title='bbox 1673 2330 1743 2362; x_wconf 77' lang='grc' dir='ltr'><em>φει-</em></span> 
     </span>
     <span class='ocr_line' id='line_1_48' title="bbox 135 2323 1522 2402; baseline 0.027 -45"><span class='ocrx_word' id='word_1_433' title='bbox 135 2323 268 2369; x_wconf 78' lang='grc' dir='ltr'><em>δόμενοι</em></span> <span class='ocrx_word' id='word_1_434' title='bbox 293 2331 346 2363; x_wconf 79' lang='grc' dir='ltr'><em>καὶ</em></span> <span class='ocrx_word' id='word_1_435' title='bbox 371 2328 491 2372; x_wconf 73' lang='grc' dir='ltr'><em>ἄλλους</em></span> <span class='ocrx_word' id='word_1_436' title='bbox 516 2347 548 2369; x_wconf 79' lang='grc' dir='ltr'><em>τε</em></span> <span class='ocrx_word' id='word_1_437' title='bbox 573 2340 639 2370; x_wconf 75' lang='grc' dir='ltr'><em>ταῖν</em></span> <span class='ocrx_word' id='word_1_438' title='bbox 663 2339 859 2385; x_wconf 80' lang='grc' dir='ltr'><em>ἐντυχόντων</em></span> <span class='ocrx_word' id='word_1_439' title='bbox 883 2347 976 2388; x_wconf 84' lang='grc' dir='ltr'><em>σφίσι</em></span> <span class='ocrx_word' id='word_1_440' title='bbox 1000 2350 1053 2382; x_wconf 81' lang='grc' dir='ltr'><em>καὶ</em></span> <span class='ocrx_word' id='word_1_441' title='bbox 1078 2352 1256 2394; x_wconf 73' lang='grc' dir='ltr'><em>βουλευτιὶς</em></span> <span class='ocrx_word' id='word_1_442' title='bbox 1280 2355 1340 2390; x_wconf 86' lang='grc' dir='ltr'><em>δύο</em></span> <span class='ocrx_word' id='word_1_443' title='bbox 1367 2357 1522 2402; x_wconf 78' lang='grc' dir='ltr'><em>ἔσφαξαν.</em></span> 
     </span>
    </p>

    <p class='ocr_par' dir='ltr' id='par_1_16' title="bbox 129 2384 1873 2581">
     <span class='ocr_line' id='line_1_49' title="bbox 211 2384 1743 2460; baseline 0.027 -43"><span class='ocrx_word' id='word_1_444' title='bbox 211 2384 233 2420; x_wconf 83' lang='lat'><strong>¹³)</strong></span> <span class='ocrx_word' id='word_1_445' title='bbox 256 2384 343 2422; x_wconf 81' lang='lat' dir='ltr'><strong>[Caes.</strong></span> <span class='ocrx_word' id='word_1_446' title='bbox 366 2388 429 2425; x_wconf 77' lang='lat'><strong>5¹12</strong></span> <span class='ocrx_word' id='word_1_447' title='bbox 462 2393 516 2425; x_wconf 88' lang='grc' dir='ltr'><em>καὶ</em></span> <span class='ocrx_word' id='word_1_448' title='bbox 542 2398 649 2434; x_wconf 73' lang='grc' dir='ltr'><em>κακῶς</em></span> <span class='ocrx_word' id='word_1_449' title='bbox 672 2394 809 2440; x_wconf 79' lang='grc' dir='ltr'><em>ἤκουσεν</em></span> <span class='ocrx_word' id='word_1_450' title='bbox 834 2400 862 2443; x_wconf 74' lang='grc' dir='ltr'><strong>(ὁ</strong></span> <span class='ocrx_word' id='word_1_451' title='bbox 887 2404 1051 2450; x_wconf 79' lang='grc' dir='ltr'><em>Καῖσαρ),</em></span> <span class='ocrx_word' id='word_1_452' title='bbox 1086 2404 1137 2442; x_wconf 85' lang='grc' dir='ltr'><em>ὅτι</em></span> <span class='ocrx_word' id='word_1_453' title='bbox 1162 2412 1228 2444; x_wconf 78' lang='grc' dir='ltr'><em>ταῖν</em></span> <span class='ocrx_word' id='word_1_454' title='bbox 1252 2419 1463 2458; x_wconf 70' lang='grc' dir='ltr'><em>στρατιωτῶν</em></span> <span class='ocrx_word' id='word_1_455' title='bbox 1495 2422 1743 2460; x_wconf 70' lang='grc' dir='ltr'><em>στασιασάντων</em></span> 
     </span>
     <span class='ocr_line' id='line_1_50' title="bbox 131 2431 1872 2521; baseline 0.028 -58"><span class='ocrx_word' id='word_1_456' title='bbox 131 2431 185 2464; x_wconf 82' lang='grc' dir='ltr'><em>καὶ</em></span> <span class='ocrx_word' id='word_1_457' title='bbox 211 2431 270 2466; x_wconf 75' lang='grc' dir='ltr'><em>δύο</em></span> <span class='ocrx_word' id='word_1_458' title='bbox 297 2439 529 2482; x_wconf 76' lang='grc' dir='ltr'><em>στρατηγικούς</em></span> <span class='ocrx_word' id='word_1_459' title='bbox 553 2439 678 2487; x_wconf 75' lang='grc' dir='ltr'><em>ἄνδρας</em></span> <span class='ocrx_word' id='word_1_460' title='bbox 703 2445 882 2483; x_wconf 76' lang='grc' dir='ltr'><em>α’νελόντων</em></span> <span class='ocrx_word' id='word_1_461' title='bbox 899 2453 1092 2489; x_wconf 79' lang='grc' dir='ltr'><em>Κοσκώνιον</em></span> <span class='ocrx_word' id='word_1_462' title='bbox 1109 2458 1163 2491; x_wconf 75' lang='grc' dir='ltr'><em>καὶ</em></span> <span class='ocrx_word' id='word_1_463' title='bbox 1174 2458 1315 2505; x_wconf 74' lang='grc' dir='ltr'><em>Γάλβαν</em></span> <span class='ocrx_word' id='word_1_464' title='bbox 1339 2465 1527 2511; x_wconf 78' lang='grc' dir='ltr'><em>ἐπετίμησεν</em></span> <span class='ocrx_word' id='word_1_465' title='bbox 1546 2470 1605 2513; x_wconf 77' lang='grc' dir='ltr'><em>μὲν</em></span> <span class='ocrx_word' id='word_1_466' title='bbox 1628 2471 1740 2512; x_wconf 74' lang='grc' dir='ltr'><em>αὐτοῖς</em></span> <span class='ocrx_word' id='word_1_467' title='bbox 1856 2513 1872 2521; x_wconf 65' lang='lat'><strong>,-</strong></span> 
     </span>
     <span class='ocr_line' id='line_1_51' title="bbox 129 2482 1873 2564; baseline 0.028 -53"><span class='ocrx_word' id='word_1_468' title='bbox 129 2483 308 2523; x_wconf 86' lang='grc' dir='ltr'><em>τοσοῦτον,</em></span> <span class='ocrx_word' id='word_1_469' title='bbox 348 2482 429 2519; x_wconf 77' lang='grc' dir='ltr'><em>ὅσον</em></span> <span class='ocrx_word' id='word_1_470' title='bbox 465 2486 539 2521; x_wconf 77' lang='grc' dir='ltr'><em>α’ντὶ</em></span> <span class='ocrx_word' id='word_1_471' title='bbox 575 2497 786 2535; x_wconf 72' lang='grc' dir='ltr'><em>στρατιωτῶν</em></span> <span class='ocrx_word' id='word_1_472' title='bbox 818 2499 954 2538; x_wconf 85' lang='grc' dir='ltr'><em>πολίτας</em></span> <span class='ocrx_word' id='word_1_473' title='bbox 987 2509 1265 2550; x_wconf 82' lang='grc' dir='ltr'><em>προςαγορεῦσαι,</em></span> <span class='ocrx_word' id='word_1_474' title='bbox 1303 2512 1408 2555; x_wconf 85' lang='grc' dir='ltr'><em>χιλίας</em></span> <span class='ocrx_word' id='word_1_475' title='bbox 1441 2516 1592 2560; x_wconf 78' lang='grc' dir='ltr'><em>διένειμεν</em></span> <span class='ocrx_word' id='word_1_476' title='bbox 1616 2518 1739 2562; x_wconf 77' lang='grc' dir='ltr'><em>ἑκάστῳ</em></span> <span class='ocrx_word' id='word_1_477' title='bbox 1825 2526 1873 2564; x_wconf 78' lang='lat'><strong>¹³3</strong></span> 
     </span>
     <span class='ocr_line' id='line_1_52' title="bbox 130 2528 1856 2581; baseline 0.027 -23"><span class='ocrx_word' id='word_1_478' title='bbox 130 2528 289 2571; x_wconf 73' lang='grc' dir='ltr'><em>δραχμάς.</em></span> <span class='ocrx_word' id='word_1_479' title='bbox 1822 2574 1824 2576; x_wconf 79' lang='grc'><strong>’</strong></span> <span class='ocrx_word' id='word_1_480' title='bbox 1848 2570 1856 2581; x_wconf 37' lang='grc' dir='ltr'><strong>ζ</strong></span> 
     </span>
    </p>

    <p class='ocr_par' dir='ltr' id='par_1_17' title="bbox 206 2585 1639 2651">
     <span class='ocr_line' id='line_1_53' title="bbox 206 2585 1639 2651; baseline 0.027 -41"><span class='ocrx_word' id='word_1_481' title='bbox 206 2585 228 2621; x_wconf 82' lang='lat'><strong>⁹)</strong></span> <span class='ocrx_word' id='word_1_482' title='bbox 250 2587 283 2614; x_wconf 80' lang='lat' dir='ltr'><strong>cf,</strong></span> <span class='ocrx_word' id='word_1_483' title='bbox 306 2588 354 2616; x_wconf 84' lang='lat' dir='ltr'><strong>Dio</strong></span> <span class='ocrx_word' id='word_1_484' title='bbox 377 2589 450 2618; x_wconf 72' lang='lat' dir='ltr'><strong>Cass,</strong></span> <span class='ocrx_word' id='word_1_485' title='bbox 472 2592 518 2627; x_wconf 69' lang='grc'><strong>42,</strong></span> <span class='ocrx_word' id='word_1_486' title='bbox 547 2595 591 2629; x_wconf 79' lang='lat'><strong>52,</strong></span> <span class='ocrx_word' id='word_1_487' title='bbox 615 2597 647 2624; x_wconf 68' lang='lat'><strong>2:</strong></span> <span class='ocrx_word' id='word_1_488' title='bbox 673 2592 742 2634; x_wconf 79' lang='grc' dir='ltr'><em>παρ’</em></span> <span class='ocrx_word' id='word_1_489' title='bbox 767 2591 875 2636; x_wconf 86' lang='grc' dir='ltr'><em>ὀλίγου</em></span> <span class='ocrx_word' id='word_1_490' title='bbox 901 2594 1101 2641; x_wconf 74' lang='grc' dir='ltr'><em>ἀπέκτειναν,</em></span> <span class='ocrx_word' id='word_1_491' title='bbox 1129 2604 1310 2648; x_wconf 77' lang='grc' dir='ltr'><em>στρατηγός</em></span> <span class='ocrx_word' id='word_1_492' title='bbox 1334 2606 1392 2651; x_wconf 69' lang='grc' dir='ltr'><strong>γάρ</strong></span> <span class='ocrx_word' id='word_1_493' title='bbox 1419 2608 1639 2647; x_wconf 67' lang='grc' dir='ltr'><em>(ἐπεδέδεικτο.</em></span> 
     </span>
    </p>

    <p class='ocr_par' dir='ltr' id='par_1_18' title="bbox 192 2632 577 2674">
     <span class='ocr_line' id='line_1_54' title="bbox 192 2632 577 2674; baseline 0.026 -15"><span class='ocrx_word' id='word_1_494' title='bbox 192 2632 228 2669; x_wconf 81' lang='lat'><strong>²⁰)</strong></span> <span class='ocrx_word' id='word_1_495' title='bbox 250 2634 299 2662; x_wconf 79' lang='lat' dir='ltr'><strong>nio</strong></span> <span class='ocrx_word' id='word_1_496' title='bbox 320 2635 347 2664; x_wconf 87' lang='lat' dir='ltr'><strong>c.</strong></span> <span class='ocrx_word' id='word_1_497' title='bbox 369 2637 415 2672; x_wconf 76' lang='lat'><strong>42,</strong></span> <span class='ocrx_word' id='word_1_498' title='bbox 436 2639 482 2674; x_wconf 78' lang='lat'><strong>⁵2,</strong></span> <span class='ocrx_word' id='word_1_499' title='bbox 504 2641 529 2668; x_wconf 80' lang='lat'><strong>3.</strong></span> <span class='ocrx_word' id='word_1_500' title='bbox 549 2642 577 2669; x_wconf 65' lang='lat' dir='ltr'><strong>a.</strong></span> 
     </span>
    </p>
   </div>
   <div class='ocr_carea' id='block_1_9' title="bbox 1678 2614 1873 2859">
    <p class='ocr_par' dir='ltr' id='par_1_19' title="bbox 1678 2614 1873 2859">
     <span class='ocr_line' id='line_1_55' title="bbox 1678 2614 1873 2859; baseline 0 0"><span class='ocrx_word' id='word_1_501' title='bbox 1678 2614 1873 2859; x_wconf 95' lang='lat' dir='ltr'><strong> </strong></span> 
     </span>
    </p>
   </div>
  </div>
 </body>
</html>
