1873 2859
198 26 220 65 6

198 133 360 177 sentiunt,
393 135 433 170 ut
456 134 588 170 certum
613 132 800 181 quidquam
824 132 902 170 inde
927 131 1048 170 confici
1072 143 1140 170 non
1163 131 1282 181 possit.
1332 130 1401 169 Sed
1425 141 1503 169 cum
1526 141 1652 178 nemo,
1679 106 1771 182 quod
1839 121 1854 173 s.

198 193 356 240 equidem
381 192 506 235 sciam,
540 192 576 227 in
613 190 750 238 optimis
784 190 956 228 codicibus
981 190 1168 228 Salustium
1204 202 1271 227 una
1302 189 1315 226 l
1345 190 1460 227 littera
1493 200 1569 227 esse
1605 191 1771 239 scriptum

197 250 385 297 negaverit,
411 249 446 285 id
471 248 652 285 Gerlachio
676 247 775 285 facile
800 249 948 284 concedo
972 259 1082 295 neque
1106 248 1171 284 hac
1188 248 1327 294 quidem
1350 248 1386 283 in
1410 258 1447 283 re
1471 247 1665 284 auctoritati
1680 249 1771 286 codi-
1844 249 1857 264 ²

197 318 276 344 cum
299 306 486 353 plurimum
510 316 586 343 esse
611 305 830 342 tribuendum
853 305 1060 352 negaverim.
1111 305 1208 350 Quod
1232 305 1324 342 enim
1349 304 1523 351 superiore
1554 303 1770 354 ‘paragrapho

197 366 240 400 ad
265 364 486 400 minuendam
511 363 666 399 codicum
691 363 929 399 auctoritatem
965 362 1071 398 adtuli
1107 362 1262 399 librarios
1298 362 1524 408 posteriorem
1555 372 1657 398 usum
1687 362 1770 400 scri-

195 421 299 459 bendi
324 423 460 459 secutos
485 431 579 464 esse,
605 420 641 457 id
665 420 715 458 eis
740 419 806 456 hac
830 420 865 456 in
890 431 927 456 re
952 419 1089 457 officere
1114 432 1182 457 non
1206 422 1344 467 potest,
1370 430 1449 456 cum
1473 419 1659 456 serioribus
1684 422 1769 458 tem-

196 479 336 525 poribus
374 489 499 514 nomen
523 477 650 514 Salusti
674 478 848 524 geminata
872 477 883 513 l
916 478 1080 523 scriptum
1119 489 1194 514 esse
1232 477 1352 513 confici
1387 476 1498 523 possit
1533 487 1575 514 ex
1598 476 1768 515 Martiano

196 535 333 583 Capella
357 537 427 581 (59,
453 536 499 572 28
524 535 577 571 611.
594 534 771 582 Eysenh.).
820 534 912 581 Ergo
937 545 978 570 ex
1003 535 1158 571 codicum
1183 535 1381 571 auctoritate
1407 533 1566 571 Gerlachi
1583 534 1771 572 sententiae

194 594 288 631 haud
313 594 472 641 exiguam
496 592 601 630 fidem
626 593 705 629 addi
729 592 848 640 negari
871 604 941 629 non
965 594 1088 639 potest.

288 652 356 688 Sed
389 651 543 687 officiunt
583 650 936 696 inscriptiones,
974 661 1118 696 quarum
1150 650 1313 696 plurimas
1353 649 1365 685 l
1395 649 1605 697 geminatam
1641 648 1769 687 habere

195 709 268 755 ipse
295 707 442 744 Gerlach
465 718 535 743 non
559 709 671 754 negat.
720 706 819 743 Certe
851 707 886 743 in
911 707 1187 753 inscriptionibus
1212 707 1320 754 Regu.
1345 706 1454 753 Neap.
1470 735 1478 749 ,
1517 716 1601 753 quas
1633 705 1773 754 collegit

195 768 231 802 et
266 766 373 802 edidit
410 764 472 801 Th.
496 764 692 800 Mommsen
708 793 716 807 ,
751 775 829 800 cum
862 764 1042 800 duodecies
1074 765 1239 810 scriptum
1275 764 1320 800 sit
1344 763 1512 807 Sallustii,
1548 766 1667 810 quater
1699 763 1772 801 Sal-

194 822 327 865 lustiae,
354 822 461 858 semel
481 821 659 864 Salustius,
686 821 792 857 semel
812 821 968 867 Salystia,
995 833 1170 867 nunquam
1187 821 1335 857 Salustia
1348 821 1513 867 scriptum
1538 820 1718 857 exhibetur
1732 822 1769 867 ¹).

195 880 263 916 Sed
286 880 420 915 nummi
444 879 534 925 apud
558 878 714 921 Ekhe12)
755 879 910 914 codicum
934 879 1140 925 scripturam
1163 878 1175 913 1
1208 889 1277 914 11011
1308 878 1482 925 geminata
1517 877 1721 915 confirmant
1733 879 1771 924 ³).

194 937 340 972 Accedit
351 947 524 978 nummus,
550 936 609 981 qui
634 936 860 970 subscribitur
885 935 1051 971 Salustius
1076 937 1193 971 auctor
1208 935 1250 981 ⁴).
1276 935 1466 981 Utramque
1490 935 1594 982 igitur
1627 935 1771 981 scriptu-

193 1005 267 1029 ram
292 993 454 1028 usitatam
467 992 583 1034 fuisse,
610 992 670 1027 sed
696 1003 781 1034 eam,
807 1003 874 1037 qua
891 992 1129 1038 geminabatur
1152 991 1164 1027 1
1189 991 1302 1027 littera
1325 992 1368 1027 iis
1393 991 1532 1038 quidem
1549 991 1769 1038 temporibus,

194 1051 317 1098 quibus
342 1049 509 1097 plurimae
542 1048 832 1092 inscribebantur,
871 1048 1083 1086 usitatiorem
1116 1049 1221 1085 fuisse
1259 1059 1301 1085 ex
1336 1048 1612 1096 inscriptionibus
1650 1049 1771 1087 confici

193 1110 315 1155 potest.

312 1165 410 1210 Quod
435 1167 549 1201 autem
582 1165 624 1200 ad
655 1175 752 1199 suam
789 1164 994 1200 sententiam
1026 1164 1230 1200 firmandam
1262 1163 1446 1210 scriptores
1472 1163 1619 1201 Graecos
1657 1164 1770 1202 adfert

195 1223 352 1266 Gerlach,
379 1223 470 1258 idem
495 1222 582 1265 fere,
622 1223 712 1268 quod
738 1223 779 1258 de
815 1222 988 1258 codicibus
1013 1221 1232 1265 SalustianiS‚
1266 1221 1351 1258 mihi
1384 1221 1566 1258 dicendum
1599 1223 1662 1266 est,
1699 1233 1768 1259 non

195 1281 285 1316 enim
296 1291 503 1326 quemquam
517 1290 634 1315 eorum
648 1282 783 1324 praeter
797 1279 946 1322 Suidam,
965 1278 1198 1322 Plutarchum,
1215 1279 1421 1325 Appianum,
1439 1278 1585 1315 Dionem
1601 1278 1767 1323 Cassium,

195 1338 254 1383 qui
289 1337 427 1382 quidem
463 1347 636 1381 nunquam
673 1335 684 1367 ἓ
723 1336 870 1370 litteram
903 1337 1096 1380 geminant,
1131 1336 1223 1371 adire
1247 1336 1351 1381 potui.
1401 1336 1523 1382 Neque
1546 1334 1709 1372 Benseler
1732 1336 1768 1372 in

192 1394 289 1440 Papii
313 1394 438 1430 Lexico
462 1393 638 1429 nominum
662 1393 877 1439 propriorum
910 1406 972 1429 su.)
1008 1405 1017 1427 1
1033 1412 1077 1427 .,»«
1125 1391 1334 1435 Σαλούστιος
1365 1393 1432 1429 nisi
1464 1403 1505 1429 ex
1541 1392 1769 1440 inscriptioni-

191 1452 255 1486 bus
280 1462 348 1486 non
373 1451 421 1485 ita
445 1450 588 1486 vetustis
614 1450 718 1485 ullam
743 1452 946 1496 scripturam
972 1451 1092 1493 adfert,
1128 1462 1214 1497 quae
1238 1451 1259 1484 λ
1282 1450 1431 1486 litteram
1466 1450 1627 1496 geminet.
1676 1450 1768 1486 Nam

191 1508 294 1544 etiam
331 1519 433 1553 quam
458 1507 577 1554 Magni
602 1508 832 1554 fragmentum
856 1508 891 1543 in
917 1508 1051 1544 Ioannis
1076 1508 1220 1544 Malalae
1245 1507 1494 1555 chorographia
1518 1519 1551 1554 p.
1578 1508 1646 1544 328
1663 1506 1768 1545 habet

191 1566 394 1611 scripturam
421 1567 484 1601 sub
509 1577 577 1600 11113
601 1565 620 1599 λ
647 1567 757 1601 adfert
783 1568 913 1610 (contra
931 1566 1042 1601 Gerl.2
1066 1566 1084 1601 1.
1110 1566 1158 1610 1.).
1209 1566 1301 1612 Ergo
1328 1566 1447 1601 Graeci
1472 1576 1606 1611 quoque
1624 1566 1768 1613 scripto-

190 1635 245 1660 res
272 1624 307 1659 in
333 1623 492 1659 (ierlachi
518 1623 722 1659 sententiam
749 1625 858 1659 lacere
885 1625 1050 1667 videntur,
1078 1635 1293 1670 quamquam,
1333 1634 1375 1659 ne
1408 1623 1552 1659 nimium
1577 1624 1766 1661 tribuamus

191 1693 307 1717 eorum
334 1682 537 1722 auctoritati,
566 1692 632 1715 non
659 1684 711 1715 est
737 1682 1010 1726 neglegendum,
1050 1693 1107 1717 eos
1132 1682 1242 1716 rarius
1276 1692 1379 1726 quam
1415 1681 1585 1717 Romanos
1621 1681 1764 1725 litteras,

190 1750 273 1784 quas
299 1738 445 1783 liquidas
472 1740 603 1779 vocant,
629 1738 832 1783 geminasse,
867 1742 904 1772 ut
930 1739 1051 1774 Suidas
1077 1750 1102 1773 s,
1130 1750 1159 1773 v.
1179 1737 1346 1785 Ζηνόβιος
1370 1738 1525 1784 scripsit:
1551 1737 1620 1772 τῶν
1641 1737 1766 1773 καλου-

190 1794 299 1840 μένων
324 1791 537 1829 Σαλουστίου
563 1793 680 1828 Βελιῦν
705 1795 723 1829 1.
762 1807 787 1830 e.
814 1795 981 1831 bellorum
1007 1796 1205 1841 (Oatilinarii
1242 1799 1276 1831 et
1299 1796 1521 1842 Iugurthini).

308 1853 428 1898 Neque
454 1853 546 1897 quod
562 1852 723 1886 Horatius
742 1852 790 1897 (C.
818 1853 849 1894 2,
877 1854 916 1895 2,
943 1854 973 1888 3.
999 1853 1033 1889 S.
1062 1854 1092 1896 1,
1119 1854 1159 1896 2,
1185 1854 1256 1898 48.)
1281 1853 1428 1899 primam
1442 1852 1609 1900 syllabam
1633 1853 1670 1889 in
1695 1853 1765 1890 Sa-

190 1912 361 1946 lustius
387 1910 556 1956 produxit,
595 1909 691 1954 sequi
717 1921 791 1945 eam
815 1909 827 1945 1
863 1911 1036 1957 geminata
1073 1911 1287 1948 scribendam
1312 1922 1390 1948 esse
1414 1911 1561 1948 Gerlach
1585 1911 1607 1947 l.
1633 1911 1653 1948 1.
1678 1912 1766 1948 bene

189 1979 266 2003 cum
305 1978 345 2002 ex
379 1967 453 2002 aliis
492 1969 565 2001 tum
591 1977 631 2001 ex
658 1966 769 2001 Pierio
803 1968 859 2012 (ad
885 1968 986 2014 Verg.
1023 1967 1109 2003 Aen.
1138 1968 1177 2010 1,
1205 1968 1264 2013 34)
1297 1968 1480 2006 adnotavit.
1529 1968 1564 2004 Is
1598 1968 1690 2005 enim
1722 1969 1767 2005 ad

188 2037 305 2061 vocem
319 2024 564 2070 relliquias
577 2025 768 2060 adnotavit:
796 2025 905 2068 „Sunt
919 2026 977 2072 qui
991 2036 1031 2061 ex
1045 2027 1223 2072 poetarum
1236 2028 1391 2062 veterum
1416 2025 1579 2073 exemplis
1604 2026 1765 2074 reliquias

188 2084 287 2118 unico
313 2082 324 2117 l
350 2084 441 2117 recte
467 2082 569 2117 scribi
595 2083 811 2125 contendant,
839 2085 876 2117 ut
901 2084 934 2118 in
960 2084 1047 2119 bona
1072 2084 1228 2119 codicum
1252 2083 1470 2129 antiquorum
1493 2086 1590 2129 parte
1609 2086 1764 2121 notatum

188 2140 369 2175 invenitur.
419 2138 526 2173 Aiunt
551 2138 641 2174 enim
679 2150 716 2174 re
749 2139 949 2184 particulam
984 2152 1046 2186 pro
1080 2141 1251 2176 communi
1275 2141 1428 2176 habitam
1461 2153 1481 2176 a
1513 2142 1684 2178 veteribus
1711 2170 1719 2178 .
1741 2169 1762 2185 .‚

188 2209 290 2244 quam
317 2199 429 2231 tamen
455 2195 612 2231 Valerius
637 2196 768 2232 Probus
802 2208 937 2244 semper
969 2198 1107 2234 brevem
1133 2198 1224 2241 dicit,
1259 2198 1450 2246 ubicunque
1483 2198 1664 2246 loquelaris
1698 2198 1762 2235 sit:

186 2256 329 2300 ideoque
367 2254 515 2290 iuniores
548 2254 570 2289 ll
607 2254 773 2299 geminari
807 2265 977 2291 censuere.
1027 2255 1136 2300 Quam
1160 2257 1298 2302 quidem
1322 2257 1556 2302 quaestionem
1593 2257 1640 2292 ita
1664 2256 1764 2292 Gom-

186 2311 357 2347 minianus
375 2310 529 2354 absolvit,
556 2313 594 2347 ut
618 2311 653 2347 in
670 2311 808 2349 nomine
832 2324 849 2348 r
863 2311 1079 2360 elliquias
1104 2314 1354 2351 barbarismum
1370 2325 1445 2351 esse
1464 2314 1555 2351 dicat
1571 2313 1760 2351 adiectione

302 2455 324 2491 1)
345 2455 378 2483 cf.
402 2453 486 2482 Teuff.
508 2454 569 2483 Sall.
589 2455 614 2490 1,
633 2456 658 2485 1.
680 2465 705 2493 p.
725 2457 748 2484 1.

300 2502 324 2539 ²)
346 2506 412 2533 tom.
433 2502 461 2529 v.
482 2511 541 2539 pag.
563 2503 626 2538 299,
646 2504 706 2531 vui.
728 2514 752 2540 p.
774 2505 836 2533 292.

300 2550 323 2588 ³)
345 2549 428 2579 Gerl.²
447 2559 472 2587 p.
492 2550 556 2579 445.

304 2598 326 2637 ⁴)
346 2598 440 2628 Ruunt.
462 2598 599 2629 Archaeol.
620 2600 704 2630 Sardo
724 2601 753 2636 11,
775 2611 801 2639 p.
823 2601 859 2630 22
873 2610 958 2639 seqq„
972 2601 1050 2631 Biihr.
1062 2602 1096 2631 n⁴
1114 2611 1140 2639 p.
1154 2602 1207 2631 115
1225 2602 1284 2631 adn.
