1873 2859
138 57 185 99 14

136 177 157 202 a
180 167 289 203 nostri
314 165 440 203 Salusti
464 166 592 203 familia
615 166 722 203 fuisse
746 166 914 203 videntur.
962 166 1083 214 Itaque
1107 165 1253 215 amplius
1286 168 1370 205 duas
1402 167 1516 216 gentis
1540 167 1707 207 Salustiae

136 223 283 259 familias
308 225 498 260 statuamus
522 235 591 261 non
616 225 669 261 est
692 234 843 261 necesse.
893 223 1013 260 Nostri
1037 227 1151 262 autem
1176 224 1304 263 Salusti
1326 225 1490 263 familiam
1513 237 1583 263 non
1603 227 1710 272 fuisse

135 292 352 317 numerosam
366 284 459 333 puto,
486 292 564 318 cum
576 283 712 328 praeter
724 293 829 318 unam
837 292 988 318 sororem
1002 292 1112 329 neque
1125 282 1232 320 frater
1248 294 1359 330 neque
1371 294 1468 319 soror
1491 285 1710 329 memoretur,

133 349 243 384 neque
277 349 467 385 cognomen
493 338 603 385 Crispi
636 339 794 386 cuiquam
830 339 975 375 inditum
1000 350 1075 377 esse
1100 340 1263 377 videatur.
1313 340 1436 388 Neque
1469 341 1579 379 mater
1602 341 1712 378 nostri

136 395 262 431 Salusti
295 407 381 442 quae
415 397 518 433 fuerit
549 397 733 434 memoriae
765 397 939 444 proditum
979 399 1042 434 est.
1091 398 1185 435 Patri
1217 400 1332 436 autem
1363 408 1570 446 praenomen
1591 398 1709 437 ·fuisse

134 453 229 497 Gaio,
256 455 347 500 quod
364 454 491 491 Laetus
516 455 636 490 statuit
659 455 748 491 vitae
773 455 879 498 initio,
906 454 1049 490 Dahlius
1075 456 1184 491 tenuit
1197 457 1233 500 1)‚
1260 467 1448 503 cognomen
1461 456 1590 501 Crispo,
1616 457 1708 502 quod

135 511 293 555 opinatur
329 511 515 546 Ascensius
540 511 574 546 in
608 510 843 556 explanatione
879 511 967 547 vitae
992 511 1111 558 Pomp.
1145 511 1252 551 Laeti.
1282 514 1503 558 nostrumque
1540 512 1571 548 ei
1603 512 1708 549 fuisse
1738 538 1747 540 »-

134 567 411 614 primogenitum‚
439 568 529 613 quod
553 568 679 604 Laetus
705 571 740 604 et
763 568 951 604 Ascensius
976 570 1160 615 putarunt,
1195 580 1273 606 cum
1297 570 1387 606 unde
1424 569 1615 616 acceperint
1647 571 1707 606 aut

133 625 361 668 coniecerint,
399 626 467 661 iam
492 626 618 672 inquiri
647 637 715 662 non
740 627 858 672 possit,
885 626 1042 672 equidem
1068 627 1209 663 dubium
1232 628 1438 673 reliquerim.
1486 627 1527 663 Id
1560 637 1642 673 ergo
1666 626 1708 663 ex

133 682 199 718 hac
231 683 447 728 inquisitione
493 683 627 719 videtur
658 693 759 729 posse
792 682 965 719 concludi:
997 686 1115 719 natum
1160 695 1234 721 esse
1268 684 1304 721 C.
1339 684 1524 721 Salustium
1549 682 1708 730 Crispum

131 740 303 777 Amiterni
336 740 372 776 in
406 739 540 776 Sabinis
572 739 646 777 Kal.
676 740 811 777 Octobr.
837 752 867 778 a.
892 752 925 778 u.
961 742 1087 789 668s86
1113 754 1141 778 a.
1163 741 1241 779 Chr.
1275 745 1377 789 gente
1413 734 1710 789 plebeiasfamilia

132 809 243 844 neque
267 798 372 834 nobili
397 809 507 844 neque
531 798 682 844 equestri
706 798 860 834 honestis
886 801 1000 836 tamen
1024 799 1134 845 iisque
1158 800 1320 836 divitibus
1344 800 1551 845 parentibus.

253 854 434 899 Quaeritur
459 856 639 903 deinceps:

206 980 316 1037 Cap.
345 980 428 1024 III.
458 980 697 1033 Quomodo
727 981 956 1026 educatus
984 980 1049 1025 sit
1077 981 1122 1026 C.
1154 981 1389 1027 Salustius
1418 980 1636 1039 Crispus?

250 1078 348 1114 Licet
372 1078 464 1114 enim
489 1079 530 1113 de
563 1078 708 1123 pueritia
733 1077 768 1112 C.
805 1077 931 1112 Salusti
968 1088 1075 1123 paene
1112 1077 1199 1113 nihil
1232 1078 1415 1114 memoriae
1448 1078 1622 1124 proditum
1653 1078 1709 1121 sit,

131 1135 166 1171 id
191 1138 305 1171 tamen
331 1145 372 1171 ex
396 1145 491 1171 more
506 1134 736 1170 Romanorum
762 1133 950 1178 conficitur,
976 1135 1126 1181 primum
1151 1146 1229 1171 eum
1254 1136 1347 1172 domi
1371 1137 1532 1182 paternae
1557 1146 1577 1171 a
1601 1137 1710 1171 matre

131 1193 313 1229 educatum
338 1203 413 1230 esse
432 1192 469 1239 5¹).
499 1191 613 1237 Qualis
639 1194 753 1228 autem
777 1191 881 1229 fuerit
905 1203 944 1229 ea
969 1193 1123 1230 educatio
1149 1193 1293 1237 Salusti,
1319 1204 1398 1230 011111
1429 1204 1539 1239 neque
1576 1193 1710 1229 aliunde

132 1253 345 1296 compertum
371 1252 416 1285 sit
440 1261 550 1296 neque
588 1260 628 1285 ex
662 1250 899 1285 commenticia
933 1249 991 1285 illa
1023 1249 1268 1287 declamatione
1301 1251 1337 1287 in
1370 1250 1556 1287 Salustium
1582 1249 1710 1286 'confici

130 1308 257 1354 possit,
295 1307 362 1343 nisi
400 1318 440 1343 ex
464 1317 559 1344 more
584 1306 814 1343 Romanorum
847 1309 882 1343 et
906 1306 1033 1343 Salusti
1065 1308 1173 1354 ipsius
1209 1308 1278 1343 vita
1311 1310 1346 1344 et
1381 1308 1517 1354 scriptis
1555 1307 1708 1344 conicere

123 1377 197 1401 vnon
221 1376 413 1411 possumus.
463 1364 560 1401 Licet
585 1365 676 1400 enim
700 1363 789 1399 illius
827 1364 1082 1401 declamationis
1107 1368 1225 1401 auctor
1251 1367 1381 1402 certam
1398 1365 1570 1413 quandam
1586 1365 1707 1412 proba-

130 1422 298 1459 bilitatem
324 1425 462 1459 secutus
487 1433 562 1459 esse
580 1423 745 1466 videatur,
771 1422 806 1458 id
820 1423 909 1468 quod
926 1421 1024 1459 facile
1049 1423 1169 1459 damus
1187 1423 1367 1460 Gerlachio
1381 1425 1427 1470 (p.
1445 1424 1552 1470 XIV),
1579 1426 1706 1467 tamen,

130 1492 207 1516 011111
232 1492 342 1526 neque
368 1481 440 1527 ipse
466 1481 601 1516 aliunde
626 1481 693 1515 nisi
721 1491 762 1515 ex
788 1480 1013 1515 adulescentis
1040 1480 1165 1516 Salusti
1190 1481 1259 1516 vita
1284 1481 1437 1523 coniciet,
1466 1492 1591 1526 „quam
1607 1483 1707 1527 petu-

127 1537 212 1573 lanti
236 1538 392 1584 pueritia,
419 1548 522 1583 quam
535 1537 727 1584 impudicus
753 1540 788 1573 et
811 1547 936 1583 procax
959 1535 1165 1573 adoleverit“
1193 1537 1249 1584 (V,
1276 1538 1320 1575 19
1346 1537 1460 1583 Cort.)‚
1486 1539 1521 1574 et
1545 1549 1594 1582 ea,
1621 1548 1707 1585 quae
1731 1534 1734 1537 ’

127 1595 240 1631 10011111
265 1595 392 1631 lectum
417 1596 570 1641 proxime
596 1597 803 1641 sequuntur,
830 1595 972 1630 crimina
997 1606 1038 1630 ex
1073 1594 1178 1631 altera
1203 1595 1329 1631 Salusti
1366 1596 1401 1631 in
1426 1595 1623 1632 Ciceronem
1655 1596 1706 1631 in—

128 1653 259 1688 vectiva
285 1654 465 1697 desumpta
490 1663 565 1688 esse
590 1653 786 1695 videantur,
817 1650 882 1686 hac
908 1652 1046 1697 quidem
1071 1652 1106 1687 in
1130 1662 1168 1688 re
1192 1663 1332 1698 prorsus
1357 1651 1484 1688 nullam
1508 1652 1613 1688 fidem
1645 1651 1706 1688 ha-

126 1710 273 1746 bendam
300 1720 375 1746 esse
400 1710 457 1745 isti
483 1709 700 1746 conviciatori
725 1710 820 1745 Kritz
847 1710 890 1755 (p.
917 1709 952 1754 8)
978 1709 1063 1745 bene
1088 1710 1229 1746 monuit.
1280 1710 1412 1747 Morem
1446 1712 1559 1747 autem
1583 1710 1706 1747 Roma-

128 1779 251 1804 norum
277 1768 381 1803 alium
407 1767 482 1803 aliis
507 1768 614 1804 fuisse
649 1768 859 1813 temporibus
894 1769 928 1803 et
960 1768 1001 1802 iis
1034 1768 1182 1804 maxime
1208 1770 1453 1804 commutatum
1485 1769 1705 1815 temporibus,

130 1826 253 1871 quibus
278 1826 442 1861 educatus
468 1827 521 1861 est
546 1824 713 1861 Salustius
739 1825 781 1871 (a.
807 1835 840 1860 u.
860 1825 1190 1873 668s86-684l70),
1216 1825 1265 1862 M.
1283 1825 1358 1863 Ter.
1384 1825 1493 1862 Varro
1510 1825 1545 1862 in
1568 1825 1708 1874 logisto-

128 1884 218 1927 rico,
258 1884 316 1930 qui
349 1884 534 1930 inscriptus
560 1885 614 1920 est
646 1882 771 1926 ⁷,Catus
797 1884 855 1918 aut
889 1883 931 1919 de
956 1882 1072 1919 liberis
1105 1884 1311 1919 educandis“
1353 1884 1518 1929 exposuit.
1533 1884 1560 1929 3)
1592 1884 1706 1919 Antea

128 1942 217 1977 enim
245 1941 394 1977 severior
419 1941 484 1975 fuit
508 1941 675 1975 educandi
700 1951 774 1975 mos
800 1941 834 1975 et
859 1950 1000 1986 corpora
1023 1940 1153 1987 magis,
1179 1950 1282 1986 quam
1307 1940 1412 1976 animi
1448 1940 1702 1983 exercebantur,

124 2001 245 2045 postea
278 1997 412 2034 mollior
445 1997 510 2033 fuit
541 1997 727 2035 liberorum
761 1995 871 2034 cultus
904 1998 939 2033 et
971 1997 1095 2034 animis
1132 1998 1324 2035 excolendis
1357 1998 1433 2045 plus
1479 1998 1701 2041 tribuebatur,

125 2068 226 2103 quam
257 2056 465 2102 corporibus.
515 2056 631 2102 Atque
658 2055 783 2091 Salusti
817 2056 1050 2092 educationem
1080 2056 1252 2091 mitiorem
1285 2056 1424 2101 quidem
1458 2055 1566 2092 fuisse
1601 2065 1705 2102 quam

122 2114 286 2149 Varronis
298 2114 326 2159 4)
352 2114 413 2149 sed
429 2113 561 2148 nonita
577 2113 715 2149 mollem
732 2115 790 2149 aut
806 2113 995 2156 remissam,
1021 2115 1060 2149 ut
1084 2123 1104 2148 a
1128 2112 1281 2148 Varrone
1306 2112 1515 2159 reprehendi
1533 2113 1698 2154 debuerit,

123 2172 196 2207 eius
222 2172 290 2207 vita
315 2174 349 2207 et
374 2171 510 2216 scriptis
535 2171 619 2206 satis
644 2170 684 2205 fit
716 2170 946 2207 manifestum.
972 2170 1062 2206 Nam
1089 2170 1118 2206 si
1143 2170 1305 2206 mollitiae
1330 2170 1474 2206 nimium
1492 2179 1702 2212 concessum,

124 2229 153 2265 si
180 2228 348 2276 „plurimo
382 2229 467 2273 cibo,
498 2228 671 2275 nimioque
696 2239 839 2276 sompno
871 2239 954 2265 usus
986 2227 1143 2266 hebetior
1175 2227 1308 2264 factus“
1344 2227 1445 2274 (Gell.
1478 2227 1500 2264 l.
1531 2226 1568 2275 1.)
1601 2228 1702 2270 esset,

238 2369 249 2386 ι
299 2369 304 2374 .
382 2370 395 2376 ..

235 2369 260 2454 ¹))
279 2369 333 2446 :5¹³
353 2368 500 2445 ffiilgffgrps.
513 2369 716 2454 1vT⁵Erziehung
726 2417 754 2451 11,
777 2417 810 2445 17
832 2426 858 2453 p.
879 2416 1030 2446 431.Conf.
1041 2416 1102 2444 Tac.
1123 2416 1182 2444 dial.
1203 2416 1237 2444 de
1258 2418 1334 2444 orntt.
1356 2424 1411 2452 cap.
1434 2415 1484 2443 28:
1506 2414 1609 2442 Pridem
1631 2421 1698 2442 suus

122 2466 218 2502 cuique
239 2466 308 2493 filius
330 2474 363 2493 ex
384 2468 455 2493 casta
480 2468 589 2501 parente
610 2467 687 2494 natus
708 2473 763 2493 non
784 2465 810 2493 in
831 2464 896 2493 cella
916 2467 1021 2502 emptae
1042 2464 1151 2493 nutricis
1172 2464 1220 2493 sed
1242 2463 1344 2501 gremio
1366 2471 1397 2491 nc
1427 2462 1487 2491 sinu
1514 2461 1605 2490 matris
1626 2461 1698 2489 edu-

122 2514 237 2549 cabatur,
259 2514 335 2542 cuius
355 2513 498 2550 praecipua
520 2513 577 2540 laus
598 2516 655 2541 erat
673 2514 741 2541 tueri
762 2514 871 2541 domum
892 2515 919 2540 et
938 2512 1039 2540 servire
1066 2512 1157 2540 liberis
1179 2534 1185 2540 .
1205 2534 1211 2540 .
1233 2533 1238 2539 .
1268 2511 1314 2540 Sic
1340 2510 1490 2539 Corneliam
1514 2509 1708 2542 Gracchorum,-

120 2562 161 2591 510
180 2562 312 2590 Aureliam
333 2560 463 2596 Caesaris,
484 2561 524 2588 sic
542 2560 628 2589 Atiam
648 2561 759 2598 Augusti
777 2563 889 2589 matrem
908 2560 1058 2598 praefuisse
1081 2559 1293 2588 educationibus.

235 2609 259 2646 ⁸)
280 2610 345 2638 Gell.
368 2619 394 2639 n.
415 2619 438 2637 a.
460 2609 487 2644 4,
507 2609 551 2638 19.
568 2609 690 2638 Momms.
708 2609 784 2638 Rom.
799 2608 862 2638 hist.
882 2608 927 2636 111⁴
941 2617 967 2645 p.
982 2608 1038 2636 594
1057 2608 1118 2635 adn.
1137 2607 1170 2637 cf.
1185 2607 1250 2636 586.

238 2657 262 2695 ⁴)
281 2658 403 2687 Momms.
423 2656 475 2692 111⁴,
490 2657 553 2686 ³8⁶.
