1873 2859
149 83 196 123 34

144 184 249 231 gavit.
277 182 456 220 Dicturum
480 193 616 230 quoque
639 182 733 220 diem
744 181 902 220 Ciceroni
914 181 1061 220 Plancus
1086 182 1746 232 ostendebat,aposteaequaszsPoms

145 242 244 287 peius
269 242 362 277 idem
386 241 572 277 meditatus
597 243 672 276 erat
697 241 792 283 (Asc.
820 241 865 277 39
891 241 960 277 OB.
981 258 1030 271 =
1051 242 1097 277 33
1121 241 1202 285 KS).
1227 242 1291 277 His
1316 243 1482 288 proximis
1507 243 1636 279 Asconi
1662 255 1741 279 vor-v

145 298 200 334 bis
225 297 442 334 illustrantur
467 308 517 342 ea,
544 308 631 344 quac
657 298 700 333 ad
722 297 793 334 Cic.
819 309 852 345 p.
876 297 949 333 Mil.
977 298 1114 344 18,47¹)
1138 299 1334 334 adnotavit:
1359 298 1622 346 QuPompeius
1637 301 1745 337 Rufus

146 358 181 392 et
205 355 241 392 C.
265 355 436 393 Salustius
462 356 590 392 tribuni
615 355 752 392 fuerant
777 366 863 402 quos
882 355 1071 402 significat.
1119 355 1180 391 Hi>
1194 356 1287 392 euim
1311 357 1483 402 primi-de
1515 368 1557 393 ea
1584 357 1666 405 >lege
1682 358 1740 394 >fo-

144 414 252 449 rcnda
275 413 405 449 hortati
430 415 511 449 sunt
534 412 701 459 pupulum
726 415 762 449 et
786 413 947 449 dixerunt
971 424 991 448 a
1015 424 1120 449 manu
1141 413 1281 449 Milonis
1306 414 1469 449 occisum
1485 425 1560 451 esse
1575 414 1742 458 Clodium,

144 469 286 507 consilio
311 481 392 508 vero
417 471 557 507 maioris
582 470 770 516 alicuius.²)
812 470 895 507 ‘Hae
919 471 1012 507 enim
1044 470 1269 507 individiosae
1303 471 1345 507 de
1372 470 1536 508 Cicerone
1567 473 1744 509 contiones

145 539 225 563 cum
250 528 451 564 referendae
488 528 559 563 sint
582 529 626 563 ad
657 529 693 563 id
727 529 883 574 tempus,
923 539 990 573 quo
1015 528 1168 573 primum
1199 528 1255 564 lex
1280 527 1444 574 Pompeia
1475 531 1518 565 de
1553 530 1586 564 vi
1620 530 1743 575 agitari

142 586 264 632 coepta
288 587 351 629 est,
378 587 415 622 et
436 585 551 633 priore
576 584 651 621 loco
665 584 728 630 Qu.
744 585 949 631 Pompeium
972 585 1065 621 idem
1090 585 1183 632 qnod
1205 587 1326 632 postea
1342 584 1509 622 Plancum
1534 586 1742 623 meditatum

142 654 218 680 esse
243 644 336 680 dicat
360 644 532 680 Asconius
557 654 670 690 neque
695 643 883 680 Salustium
917 654 957 679 eo
990 643 1065 680 loco
1090 647 1372 687 commemoret,⁴
1394 644 1461 680 hoc
1498 656 1634 691 quoque
1668 645 1743 681 loco

139 712 209 737 non
234 702 306 737 tam
332 701 521 738 Salustium
546 704 582 738 et
605 701 819 747 Pompeium,
855 711 959 747 quam
984 701 1188 747 Pompeium
1212 703 1249 737 et
1272 701 1469 738 Munatium
1496 702 1659 738 homines
1685 703 1743 738 ab·

139 758 249 797 iectos
276 761 311 796 et
335 759 490 806 perditos
515 760 630 796 dicere
656 759 743 796 mihi
769 759 907 796 videtur
932 758 1062 796 Cicero.
1379 790 1384 797 .

256 816 346 860 Quid
371 819 411 853 ut
435 817 515 853 inde
541 817 749 853 conficiam?
787 817 827 852 Id
853 817 1099 863 quodfactum
1123 827 1205 852 esse
1232 818 1462 863 suspicionem
1494 818 1602 853 fuisse
1627 817 1743 862 prodit

139 873 347 920 Asooniuffl)
382 873 571 910 Salustium
604 876 684 911 ante
717 873 831 921 legem
856 874 1057 920 Pompeiam
1087 874 1130 910 de
1163 874 1197 909 vi
1230 874 1397 920 perlatam
1429 874 1561 910 redisse
1594 874 1629 909 in
1662 885 1741 921 gra-

140 931 225 967 tiam
250 942 330 967 cum
354 931 485 968 Milone
510 943 550 968 ac
576 931 749 969 Cicerone.
783 932 877 967 Nam
903 932 994 978 quod
1019 931 1121 977 paulo
1147 932 1316 977 superius·
1330 932 1533 968 memoravit
1557 932 1738 974 Asconius,

136 987 228 1024 inter
251 988 382 1035 primos
408 991 444 1024 et
468 988 531 1033 Qu.
559 989 763 1035 Pompeium
788 991 823 1024 et
848 988 882 1024 C.
910 988 1098 1024 Salustium
1133 988 1229 1024 etT.
1258 980 1457 1024 Munatium
1481 988 1647 1024 Plancum
1667 988 1738 1024 etri„

136 1045 248 1083 bunos
273 1045 385 1094 plebis
410 1046 667 1083 inimicissimas
694 1046 870 1083 contiones
896 1047 939 1083 de
965 1046 1094 1083 Milone
1119 1046 1301 1090 habuisse,
1337 1047 1524 1083 invidiosas
1557 1047 1662 1083 etiam
1695 1047 1738 1083 de

135 1103 309 1148 Cicerone,
337 1106 429 1152 quod
444 1105 612 1141 Milonem
638 1107 733 1141 tanto
767 1105 881 1141 studio
905 1105 1124 1150 defenderet,
1158 1116 1238 1140 cum
1262 1106 1306 1141 ad
1339 1116 1440 1141 omne
1466 1106 1630 1151 temporis
1656 1116 1734 1151 spa*

136 1162 233 1206 tium,
259 1162 352 1210 quod
376 1162 467 1200 inter
493 1163 634 1199 caedem
659 1161 756 1198 Clodi
783 1164 818 1199 et
842 1162 1056 1210 rogationem
1081 1162 1168 1210 legis
1193 1163 1235 1199 de
1261 1163 1294 1198 vi
1319 1163 1524 1205 intercessit,
1565 1165 1639 1199 tum
1676 1163 1735 1199 ad-

135 1219 203 1257 hoc
235 1216 424 1268 rogationis
458 1223 595 1268 tempus
619 1221 841 1258 referendum
874 1231 950 1258 esso
985 1223 1019 1257 et
1050 1232 1092 1257 ex
1118 1223 1272 1267 tempore
1305 1221 1510 1267 imperfecto
1536 1221 1632 1257 verbi
1667 1221 1737 1257 ha-

134 1278 307 1314 bebant
332 1280 367 1314 et
391 1288 432 1314 ex
458 1279 552 1314 omni
577 1279 761 1314 verborum
787 1279 949 1313 contextu
975 1277 1197 1324 intellegitur.
1232 1278 1357 1314 Postea
1381 1280 1494 1314 autem
1521 1289 1600 1313 cum
1624 1289 1734 1324 neque

133 1334 322 1372 Salustium
356 1346 468 1383 neque
493 1335 696 1382 Pompeium
723 1335 929 1371 'inimicitias
963 1335 999 1371 in
1024 1334 1225 1372 Ciceronem
1258 1337 1317 1372 aut
1340 1335 1506 1372 Milonem
1539 1337 1733 1373 exercuisse

131 1404 278 1439 nsquam
303 1396 525 1437 memoretur,
552 1394 707 1440 profecto
732 1405 802 1429 non
827 1395 881 1429 est
906 1404 966 1429 cur
992 1394 1242 1439 suspicionem,
1269 1405 1373 1439 quam
1398 1393 1504 1433 fuisse
1529 1394 1636 1429 refert
1661 1395 1728 1429 As-

131 1451 260 1494 conius,
287 1450 532 1498 improbemus.
581 1451 693 1486 Immo
718 1451 761 1487 de
787 1450 937 1486 Salustio
963 1461 1039 1486 eam
1064 1451 1293 1497 suspicionem
1333 1461 1449 1486 veram
1486 1451 1593 1486 fuisse
1626 1451 1727 1487 facile

129 1509 297 1554 probatur
321 1520 364 1545 ex
388 1509 441 1552 iis,
469 1520 556 1555 quae
581 1511 661 1555 post
686 1509 900 1544 tribunatum
925 1509 1119 1554 depositum
1144 1510 1221 1544 acta
1246 1518 1322 1544 esse
1347 1509 1532 1544 memoriae
1559 1510 1731 1554 proditum

129 1568 193 1609 est,
220 1565 361 1602 difficile
388 1568 442 1603 est
465 1567 558 1602 idem
584 1567 627 1602 de
652 1566 817 1612 Pompeio
850 1565 1064 1601 confirmare.
1118 1565 1303 1611 Pompeius
1335 1565 1429 1601 enim
1464 1565 1638 1601 tribunatu
1675 1566 1732 1600 de-

128 1623 241 1670 posito
267 1626 447 1660 accusatus
473 1635 493 1659 a
509 1623 557 1660 M.
584 1623 699 1660 Caelio
721 1623 861 1659 Milonis
887 1629 922 1659 et
936 1623 1110 1659 Ciceronis
1136 1623 1272 1666 amioo,·
1282 1633 1362 1658 cum
1387 1634 1407 1658 a
1426 1622 1589 1669 Pompeio
1602 1622 1731 1669 Magno

127 1681 312 1718 derelictus
338 1684 450 1725 esset,
487 1683 670 1718 damnatus
697 1683 751 1717 est
776 1683 855 1718 ante
880 1680 1052 1717 Kalendas
1077 1681 1194 1717 Iunias
1219 1681 1300 1717 anni
1325 1680 1500 1727 703,s51.⁴)
1549 1681 1591 1717 Id
1615 1684 1730 1717 autem

127 1737 302 1775 Ciceronis
326 1740 547 1786 potissimum
572 1739 762 1775 inimicitiis
788 1739 951 1775 effectum
977 1748 1054 1775 esse
1079 1739 1239 1785 equidem
1265 1737 1463 1784 collegerim
1488 1750 1529 1774 ex
1555 1750 1606 1781 eo,
1634 1739 1725 1784 quod

126 1795 261 1834 Caelius
287 1797 331 1834 ad
356 1796 592 1840 ciceronem⁶)
618 1796 748 1840 scribit,
775 1797 886 1843 pridie
913 1796 986 1833 eius
1012 1796 1080 1832 diei
1106 1796 1140 1832 in
1166 1796 1251 1832 urbe
1276 1807 1316 1832 ac
1341 1795 1416 1832 foro
1442 1798 1513 1832 toto
1538 1796 1725 1832 maxim-um

126 1866 303 1892 rumorem
329 1855 436 1892 fuisse
470 1855 671 1892 Ciceronem
696 1866 716 1891 a
750 1854 811 1899 Qu.
845 1855 1010 1901 Pompeio
1050 1855 1083 1890 in
1117 1854 1240 1890 itinere
1277 1854 1428 1889 occisum
1461 1864 1559 1890 esse:
1595 1865 1634 1890 so
1669 1854 1727 1900 qui

125 1913 249 1950 scriret
274 1912 337 1957 Qu.
352 1913 556 1960 Pompeium
568 1912 686 1949 Baulis
712 1913 894 1948 emetieam
918 1906 1126 1948 facere'non
1146 1921 1227 1947 ‘esse
1249 1907 1469 1948 commotum.
1496 1911 1610 1948 Etiam
1624 1911 1725 1947 Plan-

125 1965 204 2013 cuS,
243 1971 302 2016 qui
327 1970 553 2007 infestissime
577 1971 795 2017 perstiterat,
835 1970 1011 2006 tribunatu
1035 1968 1193 2015 deposito
1217 1971 1396 2005 accusatus
1430 1971 1484 2005 est
1508 1970 1551 2005 de
1578 1970 1609 2004 vi
1643 1969 1721 2015 lege

123 2027 289 2074 Pompeia
313 2027 356 2064 ab
381 2028 457 2075 ipso
491 2027 654 2064 Cicerone
689 2030 725 2064 et
763 2029 902 2070 „contra
935 2026 1172 2063 incredibilem
1191 2026 1397 2062 ⁴-clarissimi’
1424 2029 1460 2063 ct
1490 2026 1721 2073 potentissimi

122 2084 207 2121 viri“
237 2084 408 2133 (Pompei)
435 2086 691 2123 contentionem
717 2084 918 2121 inexilium
944 2085 1073 2129 actus‘ij
1099 2085 1152 2121 ad·
1167 2083 1348 2121 Caesarem
1373 2095 1411 2121 se
1436 2084 1592 2128 contulit,
1606 2095 1725 2131 aquo

122 2153 249 2190 magno
274 2143 449 2190 congiario
475 2143 654 2190 donatusf)
680 2146 801 2191 postea
825 2143 1007 2180 resti-tutus
1034 2143 1126 2188 estff).
1143 2142 1348 2179 “Salustium
1372 2145 1592 2189 autemcpost
1617 2143 1724 2178 tribu·

238 2230 261 2267 ¹)
283 2230 373 2268 scitis,
393 2230 506 2265 iudices,
527 2231 612 2259 fuisse
633 2231 678 2269 qui
699 2231 725 2259 in
747 2232 797 2259 hnc
817 2216 958 2267 rogatione
979 2221 1118 2258 suadenda
1139 2229 1261 2258 dicerent
1282 2215 1485 2266 (diceret'KSi)
1509 2214 1616 2257 Milonis
1644 2220 1721 2256 manu

122 2277 233 2305 caedem
254 2286 317 2306 esse
337 2278 434 2306 factam
455 2278 571 2307 consilio
592 2288 657 2307 vero
678 2278 787 2307 maioris
809 2278 931 2306 alicuius.
971 2278 1012 2306 Me
1034 2277 1161 2306 videlicet
1179 2277 1311 2305 iatronem
1332 2278 1360 2305 ct
1379 2277 1503 2306 'sicarium
1514 2277 1615 2305 abiecti
1630 2271 1721 2304 homi·

120 2334 171 2353 nes
192 2329 219 2353 et
239 2325 335 2362 perditi
356 2326 556 2355 describebant.

235 2373 258 2409 ²)
278 2375 340 2402 Asc.
360 2374 406 2402 49.
427 2375 463 2403 50
484 2374 536 2403 OB.
557 2376 596 2403 44
616 2376 666 2404 KS.

234 2420 257 2456 ⁸)
278 2431 303 2458 p.
324 2422 360 2449 39
380 2421 433 2450 OB.
455 2423 490 2450 53
512 2423 561 2452 Rs.

233 2469 258 2507 ⁴)
281 2469 319 2498 cf.
340 2469 463 2498 Wieland
484 2470 538 2499 Cic.
563 2481 605 2509 ep.
627 2473 676 2500 1111.
699 2482 722 2510 p.
744 2472 789 2501 24.

234 2516 257 2554 ⁶)
278 2518 339 2545 snm.
361 2518 387 2552 8,
409 2519 434 2554 1,
456 2518 483 2546 4.
504 2519 564 2547 Vlll.
586 2521 639 2548 Kal.
662 2521 715 2549 lun.
740 2522 850 2558 705l51.

231 2564 254 2602 ⁸)
277 2565 328 2593 Cis.
350 2566 410 2594 snm.
434 2567 458 2601 7,
477 2567 503 2601 2,
524 2567 550 2595 2.

233 2612 257 2650 ⁷)
280 2612 333 2642 cis.
355 2614 415 2643 sam.
437 2615 463 2649 8,
486 2616 510 2650 1,
532 2615 558 2645 2.

229 2661 254 2700 ⁴¹)
276 2662 308 2689 ad
328 2662 379 2690 Aa.
400 2662 427 2697 ὃ,
448 2662 473 2697 1,
496 2663 539 2691 10.
562 2664 607 2698 12,
628 2664 672 2699 032,
695 2665 718 2693 1.
