1873 2859
1682 27 1709 67 9

139 136 363 178 sollemnibus
388 135 474 184 (Cat.
499 137 557 182 22,
583 136 633 185 2).
684 135 782 183 Quod
805 135 870 174 etsi
893 136 930 174 in
952 135 1095 174 dubium
1118 135 1230 174 vocari
1253 136 1389 184 potest,
1426 146 1505 173 cum
1527 146 1571 174 ne
1595 135 1632 173 in
1669 146 1710 174 ea

141 196 280 245 quidem
305 206 343 233 re
370 194 544 232 codicibus
567 194 677 243 iisque
703 195 839 242 optimis
863 195 1051 239 conveniat,
1069 195 1096 242 ¹)
1120 197 1235 233 tamen
1259 206 1328 232 non
1351 205 1456 242 nego,
1485 196 1545 232 sed
1579 195 1637 232 his
1673 196 1710 232 in

141 253 282 291 vocibus
306 252 408 290 aliam
432 255 534 300 atque
558 253 594 289 in
618 253 755 289 nomine
780 252 907 290 Salusti
942 263 1018 289 esse
1051 263 1188 289 causam
1215 253 1455 300 geminationis
1474 255 1566 299 puto.
1615 253 1709 290 Haec

139 310 231 349 enim
254 309 417 347 vocabula
440 311 500 346 aut
521 310 597 356 ipsa
621 320 662 346 ex
687 309 775 346 Osca
798 309 951 353 dialecto,
977 310 1013 345 in
1037 320 1104 356 qua
1126 310 1301 357 geminare
1325 309 1457 345 litteras
1483 320 1619 356 semper
1643 310 1709 346 fuit

137 367 351 405 usitatissimi
373 367 480 403 moris
495 395 503 411 ‚
529 368 705 413 assumpta
718 395 726 410 ‚
752 368 811 403 aut
845 377 924 403 cum
960 366 1096 410 sollo,
1134 368 1224 413 quod
1248 367 1334 404 Osce
1358 369 1469 403 totum
1494 368 1529 403 et
1564 366 1711 403 solidum

137 423 309 472 siguificat
332 424 472 470 (Festus
496 435 528 470 p.
552 425 648 470 293),
674 424 723 460 ita
746 425 933 471 composita
957 434 1033 461 esse
1058 424 1232 467 videntur,
1271 426 1310 460 ut
1333 423 1449 460 sollo
1485 434 1548 470 pro
1584 423 1711 460 soldo

136 481 232 529 (Hor.
258 481 292 518 S.
319 481 351 526 1,
389 482 422 526 2,
450 482 529 520 113.
554 482 595 525 2,
622 482 662 526 5,
690 482 749 527 65)
791 481 837 518 sit
872 482 1038 529 seriptum
1055 481 1095 526 ²).
1146 481 1270 518 Salusti
1308 483 1422 518 autem
1459 491 1585 518 nomen
1621 482 1712 518 unde

140 539 329 586 originetur
360 538 501 583 Teuffel,
535 541 575 575 ut
599 540 822 586 originatione
859 550 993 586 quoque
1027 539 1220 575 confirmari
1258 539 1525 586 geminationem
1561 539 1662 582 dicat,
1683 540 1710 584 ³)

140 596 298 644 equidem
322 607 391 633 non
415 596 524 633 video.
576 595 673 641 Quod
697 597 788 633 enim
811 596 906 643 prius
921 597 950 641 ⁴)
976 595 1194 632 Gerlaehium
1219 597 1285 643 (ed.
1311 596 1388 633 mai.
1415 596 1506 633 1823
1532 607 1583 643 sq.
1616 596 1650 631 Π
1688 596 1708 633 1

109 666 119 678 ·
136 654 308 702 p.'2-5)
334 655 473 692 secutus
504 665 583 691 cum
615 664 697 692 voce
733 653 899 691 salutis
923 653 1110 703 Salustium
1143 654 1352 701 composuit,
1390 665 1459 691 non
1496 664 1536 690 eo
1574 653 1712 701 quidem

137 712 278 759 infringi
302 712 432 759 potuit,
468 713 558 759 quod
582 712 673 748 salus
697 713 846 759 priorem
870 711 1038 758 syllabam
1062 714 1257 758 correptam
1281 712 1403 755 habet,
1443 711 1610 748 Salustius
1634 723 1712 758 pro-

138 770 285 805 ductam.
334 769 427 805 Nam
453 769 556 806 etiam
580 769 617 806 in
641 768 748 805 salute
772 769 919 815 primam
944 768 1109 815 syllabam
1132 768 1274 815 produci
1311 769 1463 815 potuisse
1501 780 1570 805 non
1604 768 1712 815 gemi-

137 828 218 863 nata
240 825 354 863 littera
377 826 389 863 l
426 826 555 864 Teuffel
573 826 667 872 (Sall.
693 826 710 862 Ι
735 826 773 873 1)
798 827 884 862 bene
910 826 1047 862 conficit
1070 837 1112 862 ex
1135 826 1193 862 illo
1218 826 1376 863 Saturnio
1401 837 1501 862 versu
1526 826 1710 862 Varronis:

137 884 228 921 terra
258 884 392 931 pestem
424 883 539 921 teneto
577 883 667 920 salus
701 882 758 920 hie
795 883 940 920 maneto.
989 883 1056 920 Sed
1080 894 1191 930 neque
1214 884 1293 920 inde
1317 883 1437 920 confici
1454 886 1577 931 potest,
1602 882 1709 931 gemi-

136 942 358 985 narivdebere
382 941 394 977 l
417 941 567 977 litteram
591 942 627 977 in
659 951 740 977 voce
766 940 905 977 Salusti.
956 941 987 976 V
1025 941 1116 978 enim
1139 941 1263 984 littera,
1290 952 1357 987 qua
1381 941 1416 977 in
1453 943 1596 990 utraque
1629 951 1711 977 voce

137 998 278 1046 produci
301 1000 400 1045 putat
423 997 607 1045 syllabam,
633 1008 743 1045 neque
768 1009 844 1035 eam
867 998 1025 1045 producit
1048 1008 1159 1045 neque
1184 1009 1259 1035 cum
1287 998 1299 1034 l
1323 999 1371 1034 ita
1395 998 1563 1042 coalescit,
1590 1000 1629 1034 ut
1651 1008 1711 1045 ge-

137 1056 301 1092 minatam
337 1055 473 1098 efficiat,
490 1055 520 1102 ⁵)
553 1056 615 1092 sed
647 1066 725 1091 cum
753 1056 940 1102 posteriore
977 1055 1084 1092 vocali
1108 1066 1129 1091 a
1159 1054 1216 1091 lat.
1256 1067 1275 1091 o
1311 1056 1346 1091 in
1382 1067 1486 1091 unam
1509 1067 1532 1091 u
1569 1066 1713 1101 eamque

137 1112 275 1160 longam
310 1112 528 1149 confunditur
564 1111 795 1159 (salva-ti-==
818 1112 974 1159 salu-ti).
1029 1112 1175 1149 Produci
1208 1114 1322 1149 autem
1358 1113 1505 1160 primam
1545 1112 1712 1160 syllabam

140 1170 261 1218 pingui
285 1181 369 1207 sono
392 1170 530 1208 litterae
555 1169 568 1207 1
592 1170 803 1207 semivocalis
838 1181 941 1217 supra
964 1171 1191 1218 exposuimus.
1242 1170 1278 1207 Si
1314 1182 1406 1218 ergo,
1443 1172 1478 1207 id
1515 1171 1606 1218 quod
1641 1170 1713 1207 veri

139 1227 351 1265 simillimum
375 1230 438 1271 est,
465 1240 485 1264 a
509 1227 617 1264 salute
642 1228 830 1275 originatur
866 1239 1007 1271 nomen,
1034 1228 1108 1265 sine
1145 1229 1247 1264 dubio
1284 1229 1387 1265 scribi
1425 1230 1527 1265 debet
1563 1227 1714 1274 (Salu-ti-

138 1286 205 1322 tius
229 1287 290 1332 =)
308 1285 484 1323 Salustius.
508 1285 549 1321 In
574 1285 656 1321 alias
682 1285 924 1332 originationes
941 1286 1099 1329 nominis,
1126 1297 1203 1322 cum
1227 1298 1349 1333 parum
1373 1287 1416 1322 ad
1439 1297 1514 1323 rem
1539 1286 1715 1322 conferant

137 1355 206 1379 non
231 1345 293 1387 est,
319 1353 379 1379 cur
403 1342 582 1390 inquiram.
631 1343 680 1392 Ut
703 1343 808 1390 igitur
833 1344 876 1379 ad
901 1343 946 1386 id,
973 1344 1061 1379 unde
1087 1344 1241 1390 digressa
1254 1346 1306 1379 est
1324 1342 1575 1387 commentatio,
1601 1354 1713 1380 rever-

141 1403 202 1444 tar,
230 1400 416 1437 Salustium
441 1401 554 1446 ipsum
580 1411 680 1436 suum
699 1411 823 1436 nomen
851 1412 919 1437 non
948 1400 1152 1447 geminatal
1180 1400 1294 1440 littera
1330 1401 1508 1447 scripsisse
1542 1401 1708 1438 existimo.

256 1457 323 1494 Sed
353 1457 432 1493 inde
464 1468 551 1493 nova
583 1457 690 1493 oritur
723 1457 895 1503 quaestio,
929 1457 1069 1493 nobisne
1096 1456 1281 1493 Salustium
1306 1457 1402 1504 sequi
1438 1457 1539 1494 liceat
1574 1468 1681 1493 necne
1694 1458 1711 1493 ⁶?

138 1514 224 1551 Cum
248 1515 340 1551 enim
364 1515 399 1551 in
424 1513 498 1550 aliis
524 1515 662 1550 vocibus
692 1514 880 1550 scribendis
905 1525 980 1550 eam
1004 1514 1075 1550 fere
1100 1514 1266 1551 rationem
1293 1515 1421 1551 servari
1445 1526 1509 1551 usu
1534 1517 1710 1561 receptum

138 1572 192 1615 sit,
218 1583 321 1618 quam
351 1570 547 1616 Quintiliani
572 1572 781 1618 temporibus
806 1575 974 1608 servatam
1000 1582 1075 1608 esse
1096 1572 1308 1618 exploratum
1341 1574 1411 1615 est,
1456 1574 1491 1608 et
1515 1571 1711 1616 Quintiliani

138 1629 347 1676 temporibus
372 1640 450 1666 cum
481 1629 517 1665 in
549 1629 622 1665 aliis
654 1629 792 1666 vocibus
830 1631 904 1665 tum
939 1629 975 1665 in
998 1629 1135 1665 nomine
1160 1629 1286 1666 Salusti
1311 1629 1491 1667 scribendo
1524 1629 1537 1666 l
1560 1629 1710 1666 litteram

135 1688 344 1735 geminatam
375 1698 450 1724 esse
482 1688 571 1724 inter
603 1698 721 1723 omnes
754 1687 825 1723 fere
858 1687 1053 1730 conveniat,
1087 1698 1197 1734 neque
1228 1687 1293 1723 hac
1326 1688 1361 1724 in
1394 1698 1432 1725 re
1465 1688 1507 1724 ab
1542 1699 1581 1725 eo
1614 1698 1708 1724 more

136 1746 306 1782 scribendi
323 1746 566 1783 discedendum
583 1747 684 1792 atque
702 1744 868 1782 Salustius
893 1745 1065 1792 geminata
1087 1744 1201 1782 littera
1226 1746 1443 1782 scribendum
1468 1756 1543 1782 esse
1563 1746 1706 1782 videtur.

135 1803 250 1851 Atque
275 1815 314 1840 ea
330 1804 414 1850 ipsa,
440 1805 532 1850 puto,
559 1814 660 1840 causa
684 1804 849 1839 adductus
867 1803 995 1840 Teuffel
1006 1804 1034 1848 ⁶)
1061 1806 1164 1851 negat
1187 1816 1254 1840 una
1274 1804 1285 1840 l
1311 1804 1528 1840 scribendum
1557 1815 1632 1841 esse
1650 1804 1709 1840 Sa-

134 1861 268 1915 lustius,
294 1862 359 1897 etsi
384 1862 638 1898 concedendum
662 1860 847 1897 Salustium
877 1863 988 1908 ipsum
1011 1861 1161 1898 litteram
1184 1873 1253 1898 non
1276 1863 1481 1909 geminasse.
1531 1862 1598 1899 Sed
1632 1873 1710 1899 cum

135 1919 172 1956 111
196 1919 270 1956 aliis
287 1919 436 1963 vocibus,
462 1919 498 1956 111
523 1918 645 1967 quibus
671 1918 785 1956 differt
809 1920 850 1956 ab
876 1919 961 1963 aliis,
988 1919 1114 1956 Salusti
1139 1920 1308 1957 scribendi
1333 1921 1500 1958 rationem
1525 1923 1710 1968 sequantur

135 1978 169 2020 ii,
203 1978 262 2023 qui
295 1978 367 2013 eius
399 1977 527 2023 scripta
558 1978 746 2019 ediderunt,
780 1988 857 2012 cum
890 1978 1042 2013 scribant
1065 1988 1232 2021 maxume,
1268 1980 1431 2021 aestumo,
1466 1980 1609 2021 vortere,
1636 1978 1710 2021 alia,

135 2034 217 2081 quid
241 2036 311 2077 est,
337 2045 397 2071 cur
420 2034 456 2070 in
479 2034 554 2081 ipso
579 2034 651 2070 eius
675 2034 811 2070 nomine
836 2034 1015 2071 scribendo
1039 2046 1108 2071 non
1132 2045 1314 2082 sequamur
1348 2035 1549 2072 auctorem?
1597 2035 1707 2072 Immo

134 2092 170 2128 in
201 2093 337 2129 nomine
370 2092 548 2129 scribendo
580 2092 719 2129 minime
744 2093 970 2138 spernendam
994 2103 1070 2129 esse
1094 2093 1299 2139 scriptorum
1331 2094 1569 2130 auctoritatem
1594 2096 1628 2129 et
1653 2105 1709 2130 res

134 2150 208 2195 ipsa
232 2152 267 2186 et
290 2150 349 2196 qui
385 2151 474 2197 apud
507 2161 568 2186 nos
594 2150 686 2196 viget
710 2161 784 2186 mos
809 2151 978 2187 admonet.
1029 2151 1135 2187 Suum
1168 2151 1259 2187 enim
1291 2151 1434 2198 quisque
1467 2162 1591 2187 nomen
1626 2162 1709 2198 quo-

133 2208 234 2244 modo
267 2208 340 2255 ipse
377 2208 521 2251 scribat,
562 2209 602 2244 ut
632 2208 680 2244 ita
711 2208 753 2244 ab
786 2207 860 2245 aliis
893 2208 1080 2253 scribatur,
1120 2209 1217 2256 quasi
1241 2208 1412 2256 postulare
1436 2211 1559 2256 potest.
1608 2208 1705 2247 Licet

134 2266 235 2309 enim,
261 2277 340 2303 cum
363 2266 409 2302 sit
431 2265 642 2313 gentilicium
666 2277 790 2303 nomen
814 2266 951 2310 Salusti,
976 2266 1090 2313 plures
1115 2266 1241 2303 fuerint
1265 2266 1413 2310 Salustii,
1439 2267 1497 2313 qui
1522 2267 1702 2304 scribendo

250 2390 273 2427 ι)
293 2390 407 2419 Solen-tia
428 2390 553 2419 exhibent
571 2390 814 2420 P²BGEMM¹M¹FT
833 2391 884 2427 alii,
904 2391 1096 2420 solertissimus
1115 2391 1175 2429 1³3¹,
1195 2391 1358 2420 solemnibus
1379 2391 1552 2429 p¹p⁸p⁵g⁴g⁸r
1573 2401 1596 2422 s.

248 2437 271 2474 ¹)
290 2438 412 2467 Momms.
433 2439 564 2468 uuteritaL
583 2439 647 2468 Dial.
668 2439 696 2468 S.
716 2439 771 2470 218
792 2439 820 2467 ff.

250 2485 274 2522 ⁸)
294 2485 454 2515 Geschichte
474 2486 497 2514 d.
521 2487 596 2515 Rom.
616 2486 680 2516 Lit.²
701 2487 764 2522 205,
785 2487 811 2515 1.

248 2532 272 2569 ⁴)
292 2533 381 2570 Pauly,
401 2533 626 2572 Bul-Encyclop.
646 2533 691 2564 Vl.
712 2535 739 2566 ¹.
759 2535 822 2563 696.
842 2534 905 2564 sill.
926 2535 950 2568 1,
972 2534 996 2569 1,
1019 2535 1044 2564 1.

248 2579 272 2618 ι)
293 2580 410 2611 Venicek
430 2581 564 2611 werten-b.
589 2582 697 2613 102912.

245 2627 269 2668 ⁶)
290 2628 435 2660 Reti-Enc-
456 2629 489 2660 Vl
509 2630 536 2666 ¹,
556 2631 619 2662 696.
