1873 2859
126 136 195 173 hoc
232 138 389 174 Atrinum
427 138 627 177 interiorem
644 138 669 182 1)
715 138 921 176 obtinente?
957 138 1050 174 unae
1088 139 1224 174 tantum
1260 137 1321 176 lue
1358 137 1529 183 exhausit,
1569 133 1827 191 ψηωῇξῖςξς

126 195 240 241 potuit
265 197 325 231 aut
349 194 418 231 fide
435 195 615 231 nominum
641 195 739 232 traici
764 197 824 233 aut
849 196 882 233 in
909 206 1015 233 naves
1041 196 1219 233 contrudi:
1247 198 1381 234 tantum
1405 196 1549 244 inquam
1566 196 1761 248 exhausi&
1794 198 1839 249 ’,ξ

126 255 244 298 patres
269 254 467 298 conscripti,
494 254 662 298 quantum
688 253 806 296 voluit,
833 264 877 289 ne
902 264 1043 289 causam
1068 255 1210 297 diceret,
1236 254 1398 290 sestertio
1423 254 1632 291 duodeciens
1657 253 1777 305 emilla-
1818 249 1846 261 Υ

126 309 272 346 Caesare
310 310 513 356 paciscitur,
556 310 681 357 quodsi
715 311 893 358 quidpiam
932 322 1052 350 eorum
1091 311 1217 348 falsum
1250 313 1322 355 est,
1360 311 1418 348 his
1457 310 1573 358 palam
1608 309 1745 356 1611111οξ
1755 319 1763 321 “
1824 305 1846 329 ’Ἴ

126 368 228 410 unde,
254 368 314 414 qui
340 369 444 404 modo
468 379 512 404 ne
537 370 720 414 paternam
745 369 886 414 quidem
922 369 1066 404 domum
1089 369 1260 406 redimere
1285 369 1452 415 potueris,
1477 370 1622 415 repente
1647 371 1739 406 tam-

125 436 230 471 quam
257 426 392 461 somnio
417 426 539 461 beatus
565 425 686 460 hortos
712 426 994 471 pretiosissimos
1022 424 1140 462 villam
1166 426 1326 471 (Tiburti)
1344 426 1381 462 G.
1401 425 1568 468 Caesaris,
1586 425 1744 473 reliquas*

125 482 365 528 possessiones
391 482 577 528 paraveris.
613 493 676 518 nec
710 482 824 529 piguit
856 493 1033 529 quaerere,
1068 493 1130 519 cur
1155 494 1221 531 ego
1255 482 1371 520 Crassi
1395 483 1538 520 domum
1564 483 1738 528 emissem,

125 551 204 576 cum
232 542 268 575 tu
295 540 369 576 eius
395 539 494 576 villae
521 540 681 575 dominus
707 541 766 583 sis,
793 541 890 577 cuius
915 540 1018 586 paulo
1044 543 1124 577 ante
1149 541 1254 577 fuerit
1279 541 1417 584 Caesar,
1444 541 1558 583 modo,
1585 541 1738 587 inquam,

124 597 334 643 patrimonio
370 609 438 633 non
473 599 625 633 comesto
639 597 666 641 ⁹)
701 598 762 633 sed
797 598 960 633 devorato
995 597 1120 643 quibus
1154 598 1346 634 rationibus
1378 599 1521 644 repente
1555 597 1667 634 factus
1701 609 1739 635 es

125 658 197 691 tam
223 655 380 691 adfluens
406 658 441 690 et
467 658 538 690 tam
564 655 713 691 beatus?
737 666 818 690 nam
843 655 921 701 quis
948 657 982 691 te
1008 655 1139 691 faceret
1163 655 1340 698 heredem,
1367 666 1471 701 quem
1511 666 1554 691 ne
1589 656 1740 692 amicum

125 713 266 758 quidem
308 724 409 748 suum
448 713 533 747 satis
570 712 757 747 honestum
795 712 968 757 quispiam
993 712 1060 748 sibi
1092 712 1188 748 ducit
1212 713 1279 748 nisi
1315 712 1438 748 similis
1476 723 1516 748 ac
1549 724 1612 758 par
1637 713 1738 749 tui-‘2⁴‘

128 770 261 805 Eadem
287 770 359 805 fere
387 770 471 804 vitio
497 770 619 804 tribuit
638 769 800 804 Sallustio
826 769 965 804 Cassius
990 769 1057 804 Dio
1084 770 1156 814 (43,
1171 771 1205 812 9,
1223 771 1246 806 2
1271 770 1340 816 sq.)
1366 769 1537 816 (Καῖσαρ)
1561 768 1643 811 τούς
1664 771 1739 804 Νο-

124 825 240 871 μάδας
273 826 391 870 λαβών
424 823 459 867 ἔς
491 838 529 860 τε
561 826 603 860 τὸ
636 824 795 872 ὑπήκοον
828 823 983 873 ἐπήγαγε
1016 824 1074 859 καὶ
1112 826 1162 871 τῷ
1188 822 1393 871 Σαλουστίῳ
1421 825 1512 872 λόγῳ
1536 823 1601 870 μὲν
1625 821 1742 873 ἔρχειν

123 880 210 930 ἔργῳ
245 883 277 917 δ’
303 879 398 928 ἄγειν
430 895 469 917 τε
493 881 552 917 καὶ
576 880 694 930 φέρειν
719 880 930 930 ἐπέτρεψεν.
958 880 1078 927 ἀμέλει
1102 881 1161 917 καὶ
1185 880 1424 931 ἐδωροδόκησε
1448 882 1568 918 πολλοὶ
1592 881 1651 918 καὶ
1673 879 1738 931 ἥρ-

124 950 259 983 πασεν,
294 937 385 975 ὥστε
417 938 475 974 καὶ
508 940 788 987 κατηγορηθῆναι
813 938 870 974 καὶ
896 936 1059 986 αἰσχύνην
1084 936 1270 987 αἰσχίστην
1293 939 1466 987 ὀφλῆσαι,
1501 937 1557 974 ὅτι
1590 941 1738 975 τοιαῦτα
1780 933 1782 935 ’

123 997 372 1044 συγγράμματα
396 996 599 1044 συγγράψας
623 995 682 1031 καὶ
716 996 835 1031 πολλὰ
866 995 923 1031 καὶ
955 996 1064 1045 πικροὶ
1097 995 1180 1044 περὶ
1212 997 1282 1031 τῶν
1319 994 1606 1045 ἒκκαρπουμένων
1642 997 1740 1041 τινὰς

122 1052 233 1090 εἰπών
267 1055 329 1089 οὐκ
363 1053 560 1102 ἐμιμήσατο
593 1056 643 1101 τῷ
676 1052 762 1101 ἔργῳ
794 1055 878 1096 τούς
910 1054 1041 1100 λόγους.
1085 1052 1173 1089 ὅθεν
1207 1052 1238 1090 εἰ
1268 1054 1325 1089 καὶ
1354 1055 1399 1089 τὰ
1422 1054 1577 1099 μάλιστα
1602 1052 1739 1103 ἀφείθη

122 1112 195 1146 ὑπὸ
219 1113 282 1146 τοῦ
309 1109 507 1158 Καίσαρος,
543 1111 619 1145 ἀλλ’
645 1111 748 1153 αὐτός
773 1123 811 1156 γε
835 1108 957 1146 ἓαντόν
990 1110 1049 1145 καὶ
1082 1111 1177 1145 πάνυ
1201 1112 1244 1158 τῇ
1269 1112 1446 1159 συγγραφῇ
1469 1110 1737 1160 ἐστηλοκόπησε.

120 1169 215 1205 Haec
233 1168 354 1204 Dionis
382 1170 486 1204 verba
504 1169 623 1205 Ioanni
644 1168 822 1214 Xiphilino
849 1169 954 1214 digna
979 1169 1052 1204 visa
1078 1171 1169 1211 sunt,
1198 1179 1285 1214 quae
1312 1169 1347 1204 in
1366 1169 1541 1214 epitomen
1554 1169 1582 1214 ⁸)
1609 1170 1737 1205 deseri-

121 1226 228 1262 beret.
262 1226 357 1261 Haec
382 1229 463 1261 sunt
488 1228 615 1268 vetera,
643 1236 731 1271 quae
757 1226 919 1271 equidem
945 1226 1101 1272 cognovi,
1128 1225 1232 1260 huius
1247 1226 1298 1261 rei
1316 1226 1505 1261 invidiosae
1524 1226 1731 1262 testimonia.

121 1283 338 1318 Posteriores
365 1283 553 1318 Salustium
580 1283 712 1328 passim
738 1282 963 1318 vehementer
999 1293 1076 1318 eam
1110 1282 1153 1318 ob
1189 1291 1329 1318 oausam
1355 1283 1594 1329 vituperarunt
1605 1282 1644 1328 4),
1677 1294 1736 1319 no-

122 1342 214 1376 strae
253 1340 375 1376 aetatis
413 1340 599 1385 scriptores
613 1340 637 1383 5)
673 1351 811 1375 0111116111
851 1340 923 1376 fere
958 1340 1095 1385 culpam
1131 1340 1217 1375 alius
1249 1340 1316 1375 alio
1351 1341 1454 1375 modo
1488 1341 1531 1375 ab
1557 1351 1597 1375 eo
1623 1350 1736 1376 remo-

122 1407 202 1432 vere
229 1399 407 1432 conantur.

237 1454 351 1489 Nobis
378 1457 562 1500 antequam
590 1455 626 1489 in
652 1465 725 1490 rem
752 1455 865 1500 ipsam
889 1454 1105 1499 inquiramus
1131 1454 1173 1489 de
1199 1453 1268 1489 fide
1294 1456 1330 1489 et
1356 1454 1560 1490 auctoritate
1589 1455 1735 1490 testium

121 1523 232 1557 pauca
257 1512 418 1546 videntur
443 1522 519 1546 esse
554 1512 710 1547 dicenda.
737 1511 831 1546 Nam
856 1513 895 1546 ut
921 1511 1064 1546 testium
1090 1511 1332 1546 auctoritatem
1357 1511 1560 1557 infringant,
1586 1511 1734 1547 Dietsch

122 1568 243 1614 (praef.
272 1569 317 1612 6.)
355 1568 550 1604 Invectivae
577 1568 649 1604 sere
675 1567 806 1604 nullam
831 1567 937 1604 fidem
963 1568 1160 1604 habendam
1174 1579 1251 1605 esse
1265 1568 1402 1612 statuit,
1423 1568 1520 1605 Kritz
1535 1569 1656 1616 (praef.
1673 1570 1735 1617 12)

121 1626 180 1672 qui
220 1626 342 1672 putido
376 1626 425 1662 illi
466 1626 688 1662 conviciatori
729 1629 858 1662 temere
892 1627 1045 1668 credant,
1080 1638 1198 1662 rerum
1231 1626 1465 1661 Romanarum
1498 1629 1558 1662 aut
1592 1638 1735 1672 prorsus

121 1684 262 1728 ignaros
283 1686 343 1717 aut
356 1694 480 1728 parum
506 1693 679 1718 memores
706 1693 783 1718 esse
809 1683 902 1723 dicit,
930 1682 1078 1718 Dionem
1104 1684 1220 1717 autem
1246 1692 1288 1717 ex
1308 1682 1444 1718 Lenaeo
1470 1684 1529 1718 aut
1554 1682 1736 1719 rhetorum

121 1740 330 1776 commentis
365 1742 425 1776 aut
459 1739 596 1776 aliunde
631 1741 763 1777 temere
798 1739 941 1777 collecta
974 1750 1039 1776 nec
1073 1740 1157 1776 satis
1194 1739 1370 1777 intellecta
1410 1752 1473 1786 pro
1515 1740 1632 1786 ingeni
1682 1741 1736 1776 sui

120 1800 224 1843 captu
249 1798 437 1843 protulisse
462 1800 587 1842 putant
597 1798 638 1843 ⁶),
666 1798 758 1842 quod
782 1797 870 1832 mihi
896 1798 1037 1842 quidem
1062 1808 1131 1831 non
1146 1797 1322 1841 probatur.
1349 1797 1442 1831 Nam
1468 1798 1599 1832 auctori
1616 1798 1735 1832 Invec-

121 1854 222 1896 tivae,
251 1865 333 1889 cum
359 1853 510 1900 aliquam
535 1852 816 1899 probabilitatem
842 1855 982 1889 secutus
1010 1852 1065 1896 sit,
1093 1863 1204 1899 neque
1222 1853 1257 1889 in
1283 1852 1358 1889 aliis
1373 1864 1464 1890 -cum
1489 1854 1633 1900 privatis
1659 1855 1734 1905 tum

120 1912 270 1948 maxime
297 1911 446 1958 publicis
472 1911 577 1948 rebus
611 1922 723 1957 neque
758 1912 794 1947 in
827 1911 894 1947 hac
927 1922 976 1956 re,
1011 1922 1100 1957 quae
1134 1912 1263 1956 optime
1296 1913 1465 1957 congruat
1493 1922 1573 1946 cum
1606 1912 1735 1947 misera

119 1969 354 2012 Romanarum
392 1969 648 2013 provinciarum
690 1968 898 2011 conditione,
941 1968 1029 2004 fides
1067 1969 1121 2003 est
1157 1968 1327 2014 neganda.
1365 1967 1522 2004 Lenaeus
1548 1969 1663 2004 autem
1688 1979 1732 2004 ne

120 2026 278 2072 attigisse
314 2025 455 2072 quidem
490 2025 626 2061 videtur
660 2025 847 2061 Numidiae
892 2025 1246 2069 administrationem,
1293 2035 1381 2072 quae
1422 2036 1465 2062 ne
1507 2026 1613 2063 verbo
1659 2026 1734 2074 qui-

120 2084 200 2120 dem
227 2096 246 2119 a
273 2084 415 2120 Sueton.
444 2084 518 2129 (Gr.
547 2085 606 2128 15)
632 2083 859 2129 significetur.
912 2083 963 2118 Ex
988 2084 1170 2119 rhetorum
1195 2083 1344 2128 denique
1370 2076 1576 2118 commentis
1602 2085 1731 2120 temere

119 2140 279 2176 hausisse
304 2140 454 2175 Dionem
479 2142 549 2175 tam
575 2150 682 2186 grave
707 2139 874 2175 iudicium
898 2150 968 2175 non
994 2140 1146 2176 adducor
1170 2141 1210 2175 ut
1234 2139 1386 2176 credam.
1409 2139 1533 2187 Neque
1559 2151 1601 2177 ex
1626 2140 1731 2178 verbo

197 2275 219 2311 ι)
241 2274 367 2302 Omnium
389 2274 518 2301 librorum
541 2282 622 2301 mser.
644 2273 804 2309 scripturam
826 2274 973 2301 tenendam
994 2282 1058 2301 esse
1079 2276 1145 2309 puto
1167 2276 1261 2301 contra
1282 2272 1435 2307 Iordanum,
1463 2273 1508 2310 qui
1529 2282 1590 2301 cum
1611 2272 1731 2301 Corrado

120 2321 243 2360 (Qu-est.
264 2330 290 2358 p.
312 2321 378 2358 125)
400 2320 555 2349 inferiorem
577 2320 686 2358 scripsit
705 2329 849 2358 perperam
870 2320 969 2352 collato
989 2320 1053 2350 1060
1074 2320 1135 2350 Sall.
1156 2321 1210 2359 lug.
1232 2321 1276 2355 18,
1298 2321 1343 2350 12.

197 2370 221 2407 ¹)
242 2371 283 2399 sic
302 2371 400 2399 lordan
423 2369 494 2397 conl.
516 2370 646 2398 Diomede
667 2370 743 2406 (387,
765 2370 801 2406 b),
822 2371 867 2406 qui
889 2370 962 2398 hunc
981 2371 1072 2398 locum
1093 2370 1180 2398 adfert
1200 2379 1233 2398 ex
1253 2370 1375 2404 nuidio„
1397 2370 1500 2407 (codd.)
1521 2370 1633 2407 Didymo
1654 2369 1730 2407 (edd.
1764 2389 1773 2397 s
1815 2368 1823 2375 '

119 2420 196 2455 vett.)
216 2418 377 2454 veLEpidio
399 2417 523 2453 (Linker)
543 2418 586 2444 vel
606 2417 693 2445 Tullio
715 2417 811 2453 (lord.)

196 2465 221 2503 8)
242 2465 357 2493 Dindorf
375 2465 427 2492 vol.
449 2465 480 2493 V.
501 2463 640 2503 Ἰούλιος,
665 2474 689 2501 p.
711 2465 757 2499 26,
778 2466 795 2493 6
817 2474 858 2502 sq.

198 2513 221 2550 ι)
244 2513 337 2550 Pomp.
358 2513 465 2547 Laetus,
487 2512 580 2550 chrys.
602 2512 711 2548 Soldus,
734 2513 784 2541 alii.

198 2561 222 2598 ⁵)
244 2562 315 2589 Kritz
336 2571 360 2598 p.
383 2562 427 2595 12,
449 2561 560 2589 Dietsch
581 2562 666 2597 praes.
687 2571 713 2598 p.
735 2562 779 2596 11,
802 2561 897 2590 11160116
919 2561 1002 2598 praef.
1023 2570 1048 2597 p.
1071 2561 1097 2588 4.

199 2609 224 2647 ⁸)
245 2609 317 2637 Kritz
337 2618 364 2646 p.
388 2610 432 2644 13,
454 2609 563 2637 Dietsch
584 2618 610 2646 p.
633 2610 676 2637 11.
