1873 2859
0 0 205 31 &svvwaexav
219 5 240 9 >
251 0 330 23 “es-2
340 2 345 14 ‹
356 0 367 21 f
636 0 673 21 v.
682 0 851 26 «mrem-*vt
836 0 1094 32 *mmm*
1176 14 1195 23 „2

0 20 75 55 ‚ss-'¹'-
96 26 99 29 '
138 23 142 27 “
189 31 193 36 ·
367 26 369 30 ·
539 36 543 39 »
578 28 579 32 ’
893 24 930 36 ⁰³·
968 27 972 39 τ
992 25 995 27 ·
1160 23 1263 54 Γΐ-’ῆ
1302 36 1310 52 f
1356 40 1358 43 .

41 61 46 66 0
112 57 113 60 ,
738 55 740 57 >
1128 56 1139 59 ..
1168 52 1170 55 ·
1227 56 1229 58 .
1247 52 1282 68 ἴῃ(
1328 48 1353 60 κ.

140 240 342 284 constantia,
369 241 467 287 quasi
494 241 677 285 tenacitate
709 252 778 277 non
812 242 915 278 modo
947 242 1084 288 tegatur
1126 242 1375 288 excuseturque
1409 222 1529 277 ¹verum
1565 242 1671 280 etiam

139 298 276 335 laudem
302 302 466 336 vertatur.
494 299 586 344 Quae
611 301 641 335 si
667 300 817 346 scripsit,
844 300 903 337 ubi
928 300 960 336 ei
985 311 1004 336 a
1029 310 1090 346 spe
1115 302 1210 337 metu
1235 300 1391 346 partibus
1424 298 1649 346 reipublicae
1667 311 1740 344 am·-

139 367 217 393 mus
241 356 329 393 liber
354 360 429 393 erat
457 357 505 404 (C.
533 358 566 399 4,
594 357 641 402 3),
669 357 794 404 quibus
825 357 982 393 laudibus
1017 368 1106 401 eum,
1142 358 1171 393 si
1205 359 1284 403 post
1316 357 1586 394 coniurationem
1620 349 1766 401 statim>
1814 393 1820 401 ,
1849 378 1873 425 ‘f‘

141 414 350 460 scripsisset,
378 414 564 451 Caesarem
590 414 759 450 elaturum
785 415 891 450 fuisse
916 414 1048 460 putas?

253 471 339 508 Inde
364 471 585 518 intellegitur,
620 472 655 508 id
689 473 781 518 quod
819 474 872 508 est
904 474 1126 518 quartum,
1162 483 1273 519 neque
1306 474 1500 508 extremum
1533 470 1739 518 supplicium
1777 455 1815 513 [Α

139 531 182 565 de
208 529 374 566 Catilinae
401 530 501 565 sociis
527 532 705 577 sumptum
726 529 874 566 Salustio
900 531 1082 575 probatum
1102 541 1188 567 esse.
1216 530 1377 575 Quamvis
1404 530 1496 566 6111111
1522 531 1738 567 aversaretur
1771 545 1777 551 ·
1835 565 1841 576 ,

140 587 322 623 Catilinam
349 588 489 633 eiusque
516 587 637 629 socios,
676 589 791 623 tamen
816 579 891 622 hoc
925 590 1058 622 tantum
1092 587 1232 630 malum,
1271 588 1363 633 quod
1395 587 1577 633 plerosque
1613 587 1739 623 civium
1793 575 1819 631 s]

138 645 271 681 animos
306 648 340 681 et
373 647 531 680 cunctam
565 644 701 690 plebem
736 645 917 688 invaserat,
952 656 1022 680 non
1055 645 1088 680 vi
1122 647 1224 691 atque
1259 645 1382 681 iniuria
1415 645 1642 681 resecandum
1676 645 1738 688 sed

140 702 327 739 fovendum
353 713 428 738 esse
453 703 605 748 putabat,
632 705 670 737 ut
696 703 728 737 vi
754 703 903 753 quodam
920 703 1022 738 modo
1040 713 1102 738 sua
1120 705 1317 748 erumperet
1330 705 1365 738 et
1378 702 1622 739 effunderetur.
1649 702 1737 738 Eam

139 760 211 798 fere
238 761 445 797 sententiam
472 771 551 796 cum
577 759 702 796 Caesar
728 759 776 806 (C.
803 760 862 805 51)
901 760 1111 806 protulisset,
1139 762 1277 796 senatus
1312 763 1347 796 61
1378 759 1541 807 pleraque
1576 759 1737 796 nobilitas

139 819 326 861 reiecisset,
355 819 437 864 quid
462 819 600 860 mirum,
627 819 657 853 si
684 819 852 854 Salustius
886 830 905 853 a
930 821 1051 854 senatu
1077 821 1112 855 et
1136 818 1324 861 nobilitate,
1358 819 1448 854 unde
1484 829 1562 854 eum
1594 818 1737 854 intimus

143 875 284 921 quidam
310 886 433 911 56115115
459 876 527 911 iam
552 876 687 921 pridem
714 876 938 918 abstraxerat,
964 875 1100 922 longius
1125 876 1279 918 recessit,
1307 886 1384 911 cum
1410 875 1554 911 Caesare
1579 877 1614 911 et
1630 887 1737 922 popu-

139 932 269 970 laribus
297 934 526 979 capessendae
553 933 761 980 reipublicae
796 934 909 969 studio
942 934 1069 969 arctius
1096 944 1132 969 se
1168 933 1376 969 coniunxit?
1410 933 1506 969 Vidit
1544 933 1636 969 enim
1669 934 1736 970 nisi

138 991 400 1036 magistratibus
426 992 588 1036 gerendis
615 1001 651 1025 se
678 1001 735 1025 eos
762 991 876 1025 iuvare
904 1001 970 1025 non
996 1001 1107 1035 posse.

251 1047 367 1093 Atque
403 1050 440 1083 ut
474 1047 629 1083 Caesaris
663 1050 697 1083 et
730 1047 945 1094 popularium
979 1047 1132 1083 studium
1165 1048 1213 1083 ita
1247 1046 1420 1083 Ciceronis
1454 1049 1489 1083 61
1519 1047 1736 1093 optimatium

138 1105 289 1140 taedium
325 1116 365 1141 ex
404 1116 443 1140 ea
477 1106 710 1141 coniuratione
744 1106 889 1140 traxisse
921 1106 1056 1140 videtur
1091 1105 1271 1140 Salustius.
1299 1105 1499 1141 Ciceronem
1524 1106 1626 1148 enim,
1654 1116 1734 1141 cum

136 1161 223 1207 (Cat.
250 1163 310 1206 55)
337 1163 410 1197 eius
435 1162 469 1197 in
496 1163 663 1198 sumendo
698 1162 864 1207 supplicio
897 1162 1152 1198 festinationem
1186 1162 1324 1207 exponit
1357 1164 1392 1198 et
1425 1162 1570 1197 Tulliani
1594 1162 1732 1198 foedam

136 1221 238 1266 atque
264 1219 454 1256 terribilem
480 1220 603 1256 faciem
629 1220 803 1263 describit,
829 1219 922 1256 haud
940 1220 988 1256 ita
1013 1220 1169 1256 laudibus
1184 1219 1281 1256 tollit.
1308 1219 1431 1266 Neque
1457 1221 1667 1256 commotum
1692 1230 1730 1255 se

135 1287 211 1312 esse
238 1277 375 1312 Catonis
402 1277 580 1322 Catulique
606 1278 868 1319 laudationibus,
897 1279 955 1323 qui
970 1278 1167 1313 Ciceronem
1194 1280 1329 1323 patrem
1353 1278 1483 1323 patriae
1509 1275 1731 1323 appellarent,

135 1344 215 1370 cum
240 1346 283 1370 ne
319 1335 423 1371 verbo
457 1335 596 1380 quidem
631 1336 888 1376 commemorat,
924 1335 1007 1370 satis
1042 1335 1200 1371 ostendit.
1237 1333 1334 1378 Quod
1368 1334 1460 1370 enim
1493 1335 1535 1370 de
1568 1334 1732 1370 Catilinae

134 1392 236 1427 sociis
261 1394 454 1427 extremum
480 1392 687 1437 supplicium
713 1402 848 1427 sumere
875 1392 1069 1434 maturavit,
1086 1392 1205 1428 Cicero
1231 1402 1268 1428 se
1294 1391 1359 1427 alio
1384 1392 1486 1427 modo
1504 1392 1595 1427 cives
1619 1392 1733 1438 perni-

135 1449 246 1485 ciosos
271 1460 340 1484 non
365 1460 466 1495 posse
493 1449 668 1484 continere
704 1449 879 1495 professus
914 1451 966 1485 651
981 1450 1019 1496 ¹).
1054 1449 1107 1484 Ita
1139 1449 1246 1495 igitur
1279 1449 1434 1484 vicerunt
1468 1449 1661 1494 optimates,
1695 1450 1750 1484 ut·

134 1518 251 1543 eorum
278 1507 495 1543 imbecillitas
522 1507 681 1543 omnibus
716 1507 816 1543 fieret
853 1508 1045 1551 manifesta,
1081 1507 1199 1543 Cicero
1233 1506 1405 1554 plerisque
1439 1507 1516 1543 odio
1550 1509 1651 1550 esset,
1685 1506 1734 1557 ita

133 1565 215 1600 victi
244 1567 325 1600 sunt
350 1565 543 1610 populares,
570 1568 609 1599 111
643 1575 761 1600 eorum
796 1566 885 1600 vires
919 1576 987 1600 non
1025 1565 1277 1611 frangerentur,
1312 1564 1437 1601 Caesar
1470 1565 1628 1600 omnibus
1661 1564 1733 1600 fere

135 1622 248 1658 clarus
274 1622 471 1658 haberetur.
498 1622 590 1657 Nam
617 1623 710 1668 quod
744 1634 763 1657 a
788 1622 826 1658 L.
853 1622 970 1658 Vettio
996 1625 1031 1658 et
1055 1622 1117 1667 Qu.
1145 1622 1246 1658 Curio
1272 1621 1406 1668 (Catulo
1432 1624 1466 1657 et
1491 1622 1615 1657 Pisone
1655 1631 1733 1657 auc-

134 1681 279 1724 toribus)
319 1680 483 1716 Catilinae
509 1681 754 1716 coniurationis
780 1681 893 1716 socius
919 1680 1025 1716 fuisse
1050 1680 1326 1723 denuntiabatur,
1362 1691 1441 1716 cum
1474 1678 1647 1715 Ciceronis
1682 1680 1731 1715 te-

133 1738 298 1774 stimonio
324 1738 359 1774 in
386 1740 507 1774 senatu
533 1749 570 1774 se
595 1740 769 1785 purgaret,
797 1739 840 1774 de
866 1730 1021 1774 Caesaris
1046 1738 1146 1774 laude
1172 1737 1259 1773 nihil
1284 1739 1338 1774 est
1371 1738 1564 1773 detractum
1576 1736 1614 1783 ²),
1640 1736 1733 1783 quod

133 1807 213 1832 vero
240 1796 278 1839 Q.
305 1796 403 1832 Caec.
430 1796 592 1832 Metellus
617 1797 737 1842 Nepos
763 1808 783 1831 a
810 1796 923 1842 primo
949 1796 1068 1831 statim
1094 1796 1287 1832 tribunatus
1322 1795 1376 1831 die
1402 1796 1438 1831 in
1463 1795 1662 1832 Ciceronem
1697 1798 1732 1831 et

133 1855 293 1889 senatum
338 1853 567 1890 invehebatur
607 1864 738 1900 negans
777 1854 869 1890 cives
910 1853 1152 1889 coniurationis
1192 1852 1263 1888 Cat.
1308 1853 1418 1888 socios
1461 1853 1590 1888 indicta
1627 1863 1731 1888 causa

132 1912 306 1947 necandos
349 1912 475 1954 fuisse,
515 1912 616 1957 ‚quod
662 1912 772 1957 pridie
818 1911 891 1947 Kal.
929 1911 1000 1947 Ian.
1040 1911 1222 1947 abeuntem
1259 1910 1465 1957 magistratu
1501 1909 1729 1956 (Ciceronem)

132 1968 302 2003 contionis
345 1968 525 2003 habendae
563 1970 733 2013 potestate
767 1968 924 2014 privavit,
959 1979 1026 2014 qua
1057 1968 1181 2003 iniuria
1218 1978 1319 2003 nemo
1356 1978 1509 2013 unquam
1540 1968 1576 2002 in
1615 1967 1730 2013 aliquo

132 2025 337 2072 magistratu
377 2025 655 2071 improbissimus
693 2026 776 2061 civis
810 2025 952 2062 affectus
987 2027 1058 2068 est,
1094 2026 1184 2071 quod
1218 2027 1296 2061 ante
1318 2025 1410 2060 diem
1444 2024 1584 2061 tertium
1609 2024 1729 2061 Nonas

133 2083 321 2125 Ianuarias,
349 2094 427 2119 cum
454 2093 556 2129 agere
582 2084 750 2129 coepisset
767 2084 802 2119 in
828 2085 959 2126 senatu,
987 2083 1088 2119 tertio
1114 2093 1248 2129 quoque
1274 2083 1378 2118 verbo
1402 2082 1601 2119 Ciceronem
1615 2081 1730 2128 appel·

131 2140 234 2182 labat,
262 2141 293 2176 ei
319 2141 514 2176 minabatur
528 2142 566 2188 ³),
593 2142 684 2187 quod
710 2141 856 2188 denique
881 2141 1095 2187 rogationem
1122 2140 1209 2182 tulit,
1239 2142 1276 2175 ut
1300 2140 1484 2186 Pompeius
1509 2142 1727 2176 revocaretur

132 2210 211 2235 cum
237 2200 406 2242 exercitu,
442 2210 484 2235 ne
517 2199 645 2235 diutius
679 2200 770 2236 cives
803 2200 932 2237 indicta
965 2210 1068 2235 causa
1101 2199 1431 2242 condemnarentur,
1467 2197 1654 2245 plurimum
1686 2198 1728 2234 de

133 2255 309 2292 Ciceronis
335 2257 493 2292 laudibus
520 2258 713 2292 detractum
739 2260 801 2293 est.

248 2315 365 2360 Atque
391 2326 430 2350 ea
456 2315 530 2360 ipsa
556 2315 590 2350 in
616 2326 653 2351 re
680 2315 805 2350 Caesar
841 2316 887 2351 ita
913 2326 949 2350 se
983 2314 1102 2362 gessit,
1138 2317 1175 2349 ut
1208 2325 1276 2349 non
1310 2313 1420 2349 solum
1454 2325 1473 2349 a
1507 2312 1728 2360 popularibus

130 2383 250 2407 verum
276 2372 379 2407 etiam
406 2384 425 2408 a
450 2375 571 2408 senatu
596 2372 827 2419 amplissimas
852 2373 970 2409 laudes
995 2373 1061 2408 sibi
1086 2372 1292 2408 conciliaret.
1319 2371 1405 2407 Cum
1430 2372 1521 2407 enim
1540 2371 1603 2416 Qu.
1629 2370 1727 2407 Caec.

128 2429 270 2465 Metello
296 2430 424 2475 Nepoti
450 2434 626 2466 auctorem
651 2432 1011 2477 propugnatoremque
1038 2441 1074 2466 se
1100 2429 1413 2475 pertinacissimum
1438 2428 1669 2476 praestitisset
1693 2429 1728 2476 et

129 2498 197 2522 una
223 2498 301 2522 cum
328 2487 465 2523 tribuno
492 2489 524 2523 vi
550 2487 713 2534 depulsus
739 2490 831 2525 esset
864 2489 906 2524 ab
941 2487 1162 2534 optimatibus
1200 2488 1407 2533 senatusque
1440 2488 1580 2534 insuper
1612 2487 1728 2523 decre-

207 2629 229 2666 1)
251 2629 374 2657 Momms.
397 2629 427 2656 Η.
450 2629 479 2656 R.
502 2629 547 2656 111⁴
571 2630 631 2657 178.

205 2677 227 2713 ²)
250 2677 330 2714 Lang.
352 2677 390 2711 111,
414 2677 469 2704 252
490 2677 574 2705 initio.
596 2677 668 2705 Suet⁴
691 2678 735 2705 1u1.
759 2678 814 2714 10.)

204 2725 228 2763 ⁸)
250 2725 303 2754 Cic.
325 2725 358 2753 ad
379 2726 440 2753 fam.
463 2725 488 2760 5,
511 2726 537 2760 2,
559 2726 584 2753 6.
