1873 2859
191 135 421 204 mantem
444 152 503 194 ille
525 152 609 201 dica,
636 165 703 204 quo
727 150 873 194 Clodius
889 152 1091 194 interfectus
1115 154 1178 200 est,
1204 167 1234 193 a.
1254 154 1286 193 d.
1312 153 1407 193 XIII.
1425 152 1499 193 Kal.
1514 154 1669 193 rebma-

70 210 189 261 ως
203 215 307 253 recte
334 208 426 251 enim
450 215 622 251 Asconius
636 216 662 259 1)
686 215 776 251 Aeta
807 215 918 262 magis
952 216 1124 261 sequenda
1149 225 1232 250 esse
1266 217 1301 250 et
1333 215 1440 260 ipsam
1467 215 1668 260 orationem,

87 267 184 324 quae
199 273 298 311 Actis
322 273 489 319 congruit,
515 275 614 319 putat
630 276 740 319 *quam
764 272 1005 316 Fenestellam,
1024 273 1082 319 qui
1100 283 1126 308 a.
1153 273 1185 308 d.
1211 272 1313 308 XIIII
1335 272 1407 308 Kal.
1425 272 1526 308 Febr.
1554 269 1668 308 tradit.

0 335 19 376 [2.
89 329 329 376 Gaedeigitur
344 328 444 365 OEodi
466 340 674 376 quamquam
698 331 845 365 maxime
870 332 1079 366 commotum
1104 340 1179 365 esse
1197 329 1382 365 Salustium
1401 333 1667 365 consentaneum

73 391 159 432 est,
192 389 307 423 tamen
340 387 377 422 in
401 386 617 423 contionibus
642 389 779 433 postero
803 387 858 423 die
883 398 902 422 a
926 386 1052 423 Planco
1077 388 1112 422 et
1135 387 1225 422 Rufo
1250 387 1395 422 tribunis
1421 384 1530 432 plebis
1557 387 1668 422 conci-

89 446 172 489 tatia
192 443 391 480 interfuisse
413 454 482 480 non
507 444 632 480 dicitur
657 445 700 480 ab
723 444 873 480 Asconio
887 444 932 488 ²),
966 455 1077 490 neque
1110 445 1145 480 in
1177 445 1334 480 incendio
1359 445 1471 480 curiae
1498 455 1607 489 neque
1633 445 1668 479 in

29 504 31 508 ’
88 501 340 558 oppugnatione
365 502 485 537 domus
511 501 647 537 Lentuli
674 502 863 552 interregis
882 504 940 537 aut
957 501 1107 545 Milonis,
1133 512 1242 548 neque
1268 502 1326 537 ubi
1351 502 1461 538 fasces
1487 502 1600 538 attulit
1626 503 1668 538 ad

87 550 227 597 domum
259 558 428 606 Scipionis
465 562 500 596 et
531 559 683 606 Hypsaei
720 559 944 606 clamavitque
976 560 1177 606 Pompeium
1213 561 1315 596 modo
1352 560 1525 595 consulem
1563 561 1664 595 modo

87 610 287 654 dictatorem
309 616 491 653 multitudo
504 616 674 660 Clodiana,
700 613 867 657 Salustius
888 618 1084 654 interfuisse
1105 617 1354 660 memoratur&
1384 617 1555 660 Fortasse
1580 629 1667 664 quae

15 697 17 699 -
86 674 157 710 fera
181 673 247 709 fuit
270 674 404 720 opinio,
438 674 603 710 Milonem
638 675 739 710 ivisse
769 675 804 710 in
828 675 1055 710 voluntarium
1081 675 1236 717 exilium,
1273 677 1386 710 tantos
1412 675 1517 721 igitur
1543 678 1666 718 motus,

78 724 210 779 >quibus
244 731 369 767 civium
396 732 584 779 indignatio
609 735 812 775 moveretur,
839 739 956 779 neque'
975 744 1059 779 opus
1084 743 1194 779 neque
1220 744 1260 768 ex
1285 744 1322 769 re
1348 744 1422 769 esse
1454 733 1667 779 putaverit&

28 800 33 804 ·
85 790 216 825 Verum
232 789 290 824 ubi
306 789 392 824 Milo
409 790 528 825 eadem
553 792 652 825 nocte
677 791 820 826 Romam
844 801 1012 833 reversus,
1039 801 1106 836 qua
1129 791 1268 825 incensa
1293 792 1346 825 est
1370 791 1472 833 curia,
1493 790 1550 825 Gn.
1568 790 1668 826 Pom-

85 846 201 893 peium
235 847 415 882 convenire
455 849 596 882 conatus
629 850 683 898 est
715 850 749 883 et
780 848 815 882 in
848 848 1005 883 contione
1038 859 1057 883 a
1081 847 1129 883 M.
1156 847 1268 883 Caelio
1303 849 1383 883 data
1415 848 1480 884 sibi
1505 859 1525 883 a
1552 847 1669 883 Clodio

85 903 193 940 factas
219 914 295 939 esse
319 904 460 939 insidias
486 904 589 944 dixit,
616 907 689 940 tum
714 915 794 940 vero
819 915 953 945 eorum,
981 905 1039 951 qui
1063 905 1192 940 inimici
1214 905 1354 940 fuerunt
1377 904 1535 947 Milonis,
1563 905 1669 941 tribu—

86 972 210 1004 norum
242 960 325 1005 fuit,
360 963 400 997 ut
424 961 625 1008 Pompeium
650 974 669 998 a
701 961 829 998 Milone
863 962 1103 999 abstraherent
1137 963 1415 1009 suspicionesque
1439 964 1475 998 in
1504 963 1668 1000 Milonem

85 1021 270 1055 moverent.
318 1019 460 1055 Dixerat
483 1020 589 1066 igitur
610 1019 672 1063 Qu.
691 1020 873 1065 Pompeius
893 1021 929 1055 in
946 1021 1101 1056 contione
1120 1032 1148 1055 a.
1167 1022 1199 1055 d.
1215 1020 1298 1055 VIII
1312 1021 1384 1055 Kal.
1401 1020 1607 1056 Februarias
1618 1021 1667 1065 ⁴):

90 1075 217 1119 „Milo
242 1076 354 1119 dedit,
389 1081 492 1122 quem
516 1077 552 1112 in
578 1077 671 1112 curia
696 1077 911 1113 cremaretis:
937 1078 1032 1121 dabit
1056 1088 1159 1123 quem
1183 1078 1218 1112 in
1244 1076 1409 1123 Capitolio
1435 1077 1663 1123 sepeliatis.“‘-·

85 1133 132 1169 Et
163 1133 259 1179 prius
284 1144 387 1179 quam
415 1134 598 1179 Pompeius
624 1134 676 1169 III
708 1134 825 1169 consul
858 1128 1030 1170 crearetur
1043 1134 1085 1179 ⁵),
1124 1137 1194 1170 tres
1230 1135 1356 1171 tribuni
1395 1134 1456 1179 Qu.
1483 1135 1667 1181 Pompeius

80 1190 206 1236 Rufus,
233 1190 269 1226 C.
297 1190 465 1227 Salustius
490 1191 640 1238 Crispus,
668 1192 704 1227 T.
731 1192 906 1227 Munatius
938 1192 1096 1235 Plancus,
1126 1203 1204 1227 cum
1237 1193 1415 1228 cotidianis
1450 1193 1664 1229 contionibus

89 1248 160 1283 suis
184 1259 345 1295 magnam
369 1249 533 1284 invidiam
557 1249 678 1285 Miloni
703 1252 842 1295 propter
867 1250 1016 1285 occisum
1033 1249 1188 1285 Clodium
1214 1250 1411 1292 excitarent,
1436 1251 1668 1296 produxerant

16 1320 18 1322 ·
86 1306 128 1341 ad
153 1305 316 1352 populum
341 1305 401 1342 On.
428 1306 628 1353 Pompeium
656 1309 690 1343 et
714 1307 755 1342 ab
781 1318 821 1343 eo
845 1308 1077 1353 quaesierant,
1111 1318 1194 1343 num
1225 1309 1267 1343 ad
1294 1319 1374 1343 eum
1399 1308 1549 1344 delatum
1575 1311 1667 1344 esset

85 1363 175 1399 illius
201 1375 335 1410 quoque
362 1365 439 1410 (rei)
464 1365 638 1409 indicium,
665 1376 746 1401 suae
764 1365 851 1401 vitae
868 1366 1020 1401 insidiari
1038 1365 1211 1402 Milonem.
1256 1366 1445 1412 Respondit
1462 1367 1665 1412 Pompeius:

84 1420 254 1457 Licinium
279 1422 450 1467 quendam
474 1423 517 1458 de
541 1422 640 1468 plebe
666 1423 903 1465 sacrificulum,
930 1423 988 1469 qui
1013 1423 1133 1458 solitus
1160 1426 1251 1459 esset
1272 1423 1417 1459 familias
1435 1435 1594 1470 purgare,
1622 1425 1665 1459 ad

85 1489 122 1515 se
147 1479 310 1516 detulisse
335 1490 451 1516 servos
477 1481 643 1527 quosdam
667 1481 805 1517 Milonis
837 1481 988 1527 itemque
1015 1480 1156 1517 libertos
1182 1484 1395 1528 comparatos
1422 1492 1496 1517 esse
1523 1483 1565 1517 ad
1591 1493 1665 1518 cae—

85 1536 163 1571 dem
188 1547 294 1580 suam,
321 1538 459 1572 nomina
484 1549 617 1583 quoque
643 1549 819 1573 servorum
844 1539 1010 1581 edidisse,
1037 1540 1101 1583 (se)
1127 1540 1170 1574 ad
1187 1539 1351 1574 Milonem
1376 1540 1522 1581 misisse,
1550 1542 1589 1574 ut
1605 1550 1665 1574 eos

84 1593 119 1628 in
143 1596 312 1640 potestate
337 1604 399 1630 sua
422 1593 584 1639 haberet;
618 1606 638 1630 a
662 1594 791 1631 Milone
815 1604 1018 1642 responsum
1043 1606 1137 1639 esse,
1172 1606 1214 1632 ex
1244 1596 1286 1631 iis
1312 1596 1418 1632 servis
1444 1607 1530 1643 quos
1556 1596 1664 1631 nomi-

83 1654 200 1687 nasset
232 1652 359 1698 partim
382 1653 554 1688 neminem
581 1663 617 1687 se
643 1663 794 1698 unquam
818 1652 997 1693 habuisse,
1031 1654 1157 1698 partim
1182 1654 1443 1696 manumisisse;
1482 1655 1559 1688 dein
1587 1665 1663 1688 cum

83 1707 253 1759 Licinium
288 1709 378 1756 apud
408 1719 444 1745 se
468 1709 631 1754 haberet,
655 1738 662 1746 .
687 1738 694 1745 .
717 1739 724 1745 .
751 1709 896 1746 Lucium
920 1710 1091 1756 quendam
1116 1711 1158 1746 de
1182 1709 1282 1756 plebe
1306 1711 1349 1747 ad
1375 1712 1664 1758 corrumpendum

83 1766 230 1802 indicem
255 1767 408 1810 venisse;
448 1778 514 1812 qua
550 1778 587 1802 re
621 1768 758 1813 cognita
786 1768 823 1802 in
847 1768 958 1803 vincla
982 1779 1060 1803 eum
1084 1768 1220 1813 publica
1245 1779 1319 1804 esse
1347 1769 1548 1804 coniectum.
1597 1769 1664 1804 De-

83 1826 237 1860 oreverat
260 1823 352 1860 enim
377 1826 515 1859 senatus
541 1824 620 1869 (sub
644 1824 749 1861 finem
774 1825 909 1871 mensis¹
927 1824 998 1861 Ian.
1023 1827 1105 1872 puto
1134 1827 1214 1872 post
1241 1825 1467 1862 novemdialia
1500 1825 1596 1862 Clodi
1628 1828 1665 1862 et

86 1882 373 1929 oppugnationem
398 1883 519 1919 domus
544 1883 666 1929 Lepidi
690 1883 742 1919 III
765 1883 837 1919 Kal.
862 1883 991 1929 Febr.),
1016 1886 1056 1919 ut
1079 1895 1158 1920 cum
1183 1885 1355 1931 interrege
1379 1887 1414 1921 et
1446 1885 1592 1920 tribunis
1616 1884 1661 1931 pl.

29 1962 31 1964 -
82 1938 265 1985 Pompeius
290 1941 387 1975 daret
411 1950 559 1986 operam,
585 1951 629 1976 ne
654 1941 734 1986 quid
760 1940 953 1986 respublica
978 1941 1175 1976 detrimenti
1200 1944 1347 1987 caperet.
1386 1942 1436 1977 Ob
1462 1942 1525 1976 has
1551 1942 1662 1987 suspi-

82 1995 195 2034 ciones
211 1997 394 2045 Pompeius
418 1998 454 2034 in
478 1998 709 2045 superioribus
725 1997 835 2035 hortis
850 2009 886 2035 se
906 1999 1129 2043 continuerat,
1156 2000 1318 2036 deinde
1344 2011 1385 2037 ex
1410 2000 1443 2036 S.
1470 1999 1506 2036 O.
1533 1999 1657 2036 dilectu

85 2064 147 2099 per
170 2055 306 2091 Italiam
339 2056 457 2091 habito
481 2067 560 2092 cum
584 2057 732 2092 redisset
755 2057 949 2093 venientem
974 2059 1016 2092 ad
1041 2069 1077 2093 se
1094 2057 1260 2093 Milonem
1283 2069 1390 2093 unum
1416 2059 1567 2093 omnium
1592 2069 1662 2094 non

84 2111 276 2149 admiserat.
315 2113 403 2150 Item
428 2124 506 2149 cum
531 2116 670 2150 senatus
695 2114 730 2149 in
754 2114 887 2160 porticu
905 2114 1046 2160 Pompei
1066 2114 1261 2158 haberetur,
1287 2118 1326 2150 ut
1345 2115 1527 2161 Pompeius
1545 2118 1663 2161 posset

82 2167 267 2215 interesse,
301 2182 407 2207 unum
433 2182 511 2207 eum
536 2172 667 2214 excuti,
702 2172 902 2218 priusquam
930 2173 966 2208 in
997 2175 1153 2208 senatum
1186 2173 1347 2215 intraret,
1382 2173 1528 2208 iusserat
1563 2174 1659 2218 (Asc.

82 2235 114 2270 p.
134 2227 178 2263 51
197 2239 246 2274 sq.
272 2226 341 2265 OB.
366 2229 412 2265 45
428 2239 479 2274 sq.
498 2228 581 2274 ΚΒ.)
630 2228 682 2264 Ex
722 2228 778 2264 his
815 2229 947 2264 Asconi
976 2230 1089 2265 verbis
1122 2229 1292 2276 colligitur
1325 2226 1525 2275 Pompeium
1560 2231 1661 2275 paulo

45 2287 50 2291 '
80 2285 160 2329 post
190 2288 328 2323 senatus
361 2285 554 2323 consultum
584 2286 743 2323 ultimum
774 2290 875 2323 ante
901 2298 1004 2334 quam
1033 2288 1076 2324 ad
1109 2287 1270 2324 dilectum
1294 2286 1490 2324 habendum
1526 2287 1661 2335 profici-

158 2447 180 2485 ¹)
200 2458 226 2486 p.
247 2450 284 2479 34
304 2450 334 2480 o.
354 2452 383 2480 Β.
405 2452 449 2488 28,
470 2452 506 2481 εει
527 2451 578 2482 xs.

156 2494 179 2532 Ξ)
198 2499 296 2527 Ascua.
317 2500 362 2535 29,
382 2501 403 2527 9-
420 2509 479 2537 sqq.
502 2501 552 2531 Ks.

86 2541 93 2547 '
156 2541 181 2580 ⁸)
201 2545 299 2575 Ancon.
319 2547 364 2582 29,
388 2547 422 2576 12
443 2556 503 2584 sqq.
524 2547 574 2576 KS.

156 2589 182 2627 ⁴)
202 2592 300 2623 Ancon.
321 2595 354 2623 51
378 2595 430 2626 ΟΒ.
449 2596 487 2631 45
505 2596 557 2626 KS.

156 2636 179 2678 ¹⁵)
200 2649 224 2672 a.
244 2641 269 2671 d.
289 2642 319 2672 V.
340 2644 395 2674 Kal.
411 2644 483 2674 Hert.
503 2653 598 2674 mense
617 2642 792 2675 intercalario.

1848 219 1873 362 ratden-‚353
1847 173 1852 178 d
1849 148 1855 152 Δ
1844 99 1858 118 'z
1854 82 1857 84 ’
1844 64 1850 69 ⁶
