1873 2859
136 138 137 141 ’
158 138 203 177 ad
227 137 475 187 rempublicam
500 138 609 177 latum
635 150 710 177 esse
736 140 850 189 dicere
867 141 1007 188 potuit?
1032 141 1125 186 Quae
1150 141 1200 178 rei
1222 132 1380 188 publicae
1400 126 1660 189 cognoscendae,
1675 151 1695 179 c

159 209 239 235 cum
264 198 307 235 ab
323 198 490 235 historiae
516 198 717 235 scribendae
736 187 850 235 studio
867 199 1021 247 profecta
1038 199 1081 236 ad
1099 200 1345 246 capessendam
1361 198 1615 247 rempublicam
1626 181 1761 251 aditum

156 258 295 303 pararet
319 256 489 300 Salustio,
527 268 595 292 non
620 257 668 292 ita
693 256 842 293 multum
875 258 965 294 inter
990 269 1027 294 se
1053 257 1190 294 differre
1224 258 1403 294 doctorum
1437 258 1627 294 sententias
1652 254 1752 296 facile
1776 286 1779 288 -

157 314 379 362 intellegitur.
432 314 594 358 Quamvis
620 315 713 350 enim
749 314 918 351 Salustius
944 327 963 350 a
988 315 1109 361 primis
1136 314 1394 352 adulescentiae
1415 316 1514 352 annis
1539 316 1692 352 animum
1716 316 1759 365 111
1815 313 1873 360 ·ζ,,,

156 372 281 408 litteris
307 372 498 419 agitaverit
526 375 641 407 tamen
666 383 844 419 nunquam
869 373 917 408 ita
942 384 978 408 se
1004 372 1129 409 litteris
1147 372 1288 416 abdidit,
1315 376 1354 409 ut
1372 385 1392 409 a
1416 373 1591 420 republica
1615 367 1755 438 penitus
1800 370 1802 372 ’

159 430 369 466 abhorreret
421 430 550 472 Immo,
576 433 615 465 ut
640 430 889 476 rempublicam
914 431 1007 466 domi
1033 430 1254 477 militiaeque,
1281 434 1516 478 quantumque
1543 431 1648 467 armis
1673 430 1769 468 viris
1801 456 1803 458 -

158 487 333 533 opulentia
365 490 501 533 posset,
529 488 707 533 cognitum
740 488 934 533 haberet1),
961 500 981 523 a
1006 488 1118 534 prima
1150 488 1382 524 adulescentia
1407 488 1569 534 frequens
1601 489 1637 524 in
1670 488 1756 538 foro,
1798 492 1803 503 '

160 544 328 587 comitiis,
356 545 576 579 concionibus
602 545 753 580 adfuisse
779 548 814 580 et
839 546 882 579 ad
908 545 1039 588 omnia,
1068 556 1154 590 quae
1180 546 1225 580 ibi
1253 546 1462 592 agebantur,
1489 547 1658 581 attentum
1687 545 1758 580 ani-
1805 578 1808 589 ,

159 612 255 637 11111111
282 602 473 638 advertisse
500 602 693 638 censendus
719 605 781 639 est.

275 660 352 695 Huc
386 660 532 696 accessit
557 661 707 707 partium
732 660 949 707 popularium
984 662 1135 697 studium
1162 664 1197 697 et
1222 661 1376 697 Caesaris
1402 661 1559 697 iuvenilis
1586 662 1754 708 quaedam
1806 649 1812 651 ‚
1869 675 1873 682 ¹

159 718 360 761 admiratio,
397 718 521 764 quibus
547 719 705 761 demum,
732 721 771 753 ut
796 719 1019 766 magistratus
1045 714 1245 766 appeteret,
1287 720 1455 755 adductus
1491 722 1543 755 est
1577 718 1756 755 Salustius.

156 776 252 812 Haeo
289 777 381 812 enim
415 777 458 812 ad
492 777 700 823 reipublicae
736 778 889 812 studium
924 778 1114 823 adiungens
1148 777 1340 823 fingitur2):
1376 777 1496 822 Itaque
1530 777 1616 812 mihi
1650 776 1758 812 multa

158 844 245 871 cum,
263 834 377 868 81111110
403 834 548 880 agitanti
566 834 748 869 consilium
766 834 830 869 fuit
847 834 978 869 famam
996 835 1270 880 modestiamque
1293 845 1406 869 meam
1431 836 1509 880 post
1534 836 1627 870 tuam
1646 833 1758 881 digni-

159 892 267 927 tatem
291 890 420 928 habere
447 893 481 928 et
506 891 603 927 cuius
628 891 678 927 rei
703 891 798 928 lubet
820 891 1012 938 periculum
1038 892 1161 935 facere,
1191 893 1274 928 dum
1300 892 1382 939 quid
1408 892 1470 928 tibi
1496 903 1538 929 ex
1563 903 1603 929 eo
1627 892 1757 940 gloriae

158 950 332 985 acciderit.
393 950 501 994 quue
537 961 606 984 non
632 953 762 984 temere
796 961 906 994 neque
942 961 983 985 ex
1017 950 1154 984 fortuna
1186 953 1243 983 1118
1276 951 1436 984 decrevi.
1472 951 1532 985 sed
1558 950 1638 994 quia
1662 950 1698 984 in
1723 951 1757 984 te

158 1008 295 1052 praeter
321 1008 453 1041 ceteras
488 1008 598 1041 artem
623 1017 727 1041 unam
754 1006 892 1053 egregie
923 1006 1117 1042 mirabilem
1143 1006 1315 1053 comperi,
1343 1017 1479 1053 semper
1506 1006 1567 1042 tibi
1593 1005 1758 1043 maiorem

157 1064 193 1099 in
219 1064 373 1099 adversis
399 1075 502 1110 quam
528 1064 563 1099 111
589 1065 749 1100 secundis
775 1065 878 1100 rebus
902 1065 1055 1099 animum
1081 1076 1167 1100 esse.
1220 1064 1305 1099 Cum
1339 1065 1431 1100 enim
1463 1064 1597 1110 plebeio
1629 1074 1758 1110 genere

158 1123 254 1157 ortus
289 1124 382 1157 88881
415 1124 449 1157 81
482 1122 524 1156 118
559 1122 771 1168 temporibus
806 1122 988 1165 educatus,
1024 1122 1148 1168 quibus
1181 1124 1364 1168 postquam
1390 1122 1428 1157 L.
1456 1122 1550 1158 Sulla
1575 1122 1679 1157 armis
1705 1131 1757 1157 re-

158 1182 258 1227 cepta
283 1179 459 1226 republica
479 1180 575 1215 bonis
595 1180 701 1215 initiis
719 1180 827 1216 malos
846 1183 988 1230 eventus
1006 1180 1136 1222 habuit,
1163 1183 1324 1227 raperent
1342 1191 1471 1223 omnes,
1492 1179 1679 1223 traherent,
1698 1180 1757 1215 do-

158 1250 254 1274 mum
273 1238 358 1273 alius
377 1237 463 1273 alius
484 1249 585 1284 agros
604 1241 754 1283 cuperet,
774 1249 885 1284 neque
903 1239 1048 1283 modum
1061 1249 1172 1284 neque
1190 1239 1395 1274 modestiam
1413 1239 1559 1274 victores
1576 1238 1754 1280 haberent,

160 1296 261 1331 foeda
294 1295 513 1341 crudeliaque
548 1296 584 1330 in
618 1296 748 1331 civibus
783 1296 935 1331 facinora
969 1295 1121 1331 facerent
1156 1295 1241 1341 (Cat.
1271 1297 1325 1339 11,
1352 1296 1408 1340 4),
1443 1299 1544 1331 natus
1569 1294 1757 1331 nobilitatis

152 1355 318 1390 'inimicus
354 1354 572 1400 optimatium
607 1354 723 1390 odium
750 1365 768 1389 a
793 1354 914 1400 primis
949 1354 1070 1389 aetatis
1108 1354 1206 1389 annis
1238 1365 1316 1389 cum
1348 1353 1542 1390 litterarum
1580 1353 1758 1389 elementis

157 1413 342 1447 imbiberat
367 1414 402 1447 et
426 1423 534 1457 paene
561 1423 640 1446 cum
664 1411 752 1446 lacte
778 1411 922 1446 nutricis
941 1414 1080 1446 suxerat
1105 1411 1286 1446 Salustius.
1338 1411 1435 1446 Vnus
1461 1411 1528 1445 illis
1547 1411 1758 1456 temporibus

160 1469 276 1506 Sullae
301 1469 404 1505 minis
430 1480 500 1505 non
526 1464 579 1505 e'st
603 1469 808 1516 perterritus
835 1468 871 1505 C.
898 1468 1005 1505 Iulius
1031 1468 1177 1512 Caesar,
1204 1468 1294 1505 Mari
1320 1468 1454 1513 affinis,
1480 1467 1607 1505 Cinnae
1640 1479 1757 1516 gener,

157 1529 227 1574 qui,
255 1539 334 1564 cum
368 1540 456 1564 anno
483 1529 612 1573 676s78
637 1527 747 1574 gloria
781 1528 921 1563 militari
947 1530 1087 1563 ornatus
1114 1539 1155 1563 ex
1180 1528 1265 1563 Asia
1298 1528 1436 1570 rediret,
1468 1527 1634 1572 proximis
1660 1527 1758 1562 annis

158 1585 218 1621 Cn.
255 1585 355 1621 Corn.
392 1585 604 1621 Dolabellam
640 1588 675 1621 et
709 1584 745 1621 0.
772 1585 963 1621 Α111011111111
997 1585 1265 1631 repetundarum
1299 1595 1508 1631 quamquam
1542 1584 1671 1620 frustra
1705 1594 1759 1620 ae-

157 1644 308 1679 cusando
342 1643 530 1679 nobilitatis
572 1643 756 1679 factionem
792 1644 1002 1679 disturbaret
1015 1644 1042 1687 8)
1086 1646 1120 1678 81
1153 1644 1286 1689 privata
1328 1637 1493 1679 frumenti
1528 1644 1562 1678 et
1594 1643 1758 1688 pecuniae

159 1701 401 1736 distributione
435 1701 545 1746 plebis
580 1701 712 1735 animos
749 1701 814 1736 sibi
849 1700 1063 1743 conciliaret,
1100 1711 1189 1735 anno
1216 1700 1345 1747 684s70
1380 1710 1441 1746 per
1467 1699 1527 1735 Cn.
1554 1699 1759 1745 Pompeium

160 1758 330 1806 Magnum
360 1758 519 1794 Marcum
544 1758 715 1794 Licinium
750 1757 912 1794 Crassum
938 1769 1025 1794 coss.
1053 1758 1272 1794 tribuniciam
1305 1760 1512 1804 potestatem
1545 1747 1758 1794 restituendo

160 1819 196 1852 et
220 1817 395 1852 suadendo
421 1816 535 1862 legem
560 1816 737 1852 Aureliam
771 1817 984 1851 iudiciariam
1016 1816 1152 1861 plebem
1178 1816 1368 1850 Romanam
1401 1826 1442 1850 ex
1467 1816 1564 1861 gravi
1589 1816 1754 1851 servitute

159 1874 196 1910 in
220 1873 418 1910 libertatem
447 1874 665 1917 restitueret,
692 1874 727 1909 in
758 1876 918 1920 praetura
948 1873 1096 1919 denique
1118 1873 1290 1914 Catilinae
1320 1873 1563 1917 coniurationis
1589 1875 1756 1919 tempore,

158 1943 238 1968 cum
265 1932 333 1967 vim
358 1932 391 1967 vi
412 1932 545 1967 vincere
572 1931 695 1976 nollet,
722 1932 940 1967 inimicorum
958 1943 1053 1967 arma
1077 1932 1125 1966 ita
1151 1931 1321 1974 disiceret,
1347 1933 1386 1966 ut
1410 1941 1453 1966 118
1471 1930 1601 1966 1111111181
1618 1930 1758 1976 quidem

123 2030 131 2041 ,
158 1991 254 2035 queri
282 1990 466 2035 quicquam
499 1990 665 2025 auderent
698 1990 763 2024 nisi
798 1991 839 2024 de
873 1989 1110 2036 magnitudine
1137 1989 1209 2025 eius
1221 1989 1272 2033 4),
1300 1990 1335 2024 81
1365 1989 1518 2023 omnium
1542 1988 1758 2033 popularium

158 2047 291 2082 animos
318 2049 352 2081 et
378 2046 505 2082 Salusti
540 2046 692 2081 animum
718 2058 787 2082 non
823 2047 1031 2082 mediocrem
1058 2046 1092 2081 in
1124 2056 1294 2081 summam
1320 2045 1373 2080 sui
1399 2045 1660 2081 admirationem
1687 2047 1758 2080 stu-

158 2105 322 2151 diumque
349 2104 532 2140 adduxisse
559 2105 730 2151 putandus
757 2107 820 2140 est.

272 2162 337 2197 His
362 2163 525 2208 quoniam
551 2163 594 2197 ad
619 2162 783 2198 Catilinae
809 2163 1077 2197 coniurationem
1103 2163 1315 2204 devenimus,
1342 2163 1384 2196 de
1410 2173 1450 2196 ea
1487 2162 1569 2206 quid
1611 2160 1758 2195 senserit

158 2220 330 2291 Salustius
349 2231 579 2290 exponemus.

237 2318 260 2354 ¹)
281 2326 322 2354 ep.
345 2317 373 2344 ll.
395 2317 427 2344 ad
449 2317 524 2344 Caes.
547 2318 571 2351 1,
593 2317 618 2344 3

236 2365 260 2404 ²)
282 2374 324 2402 ep.
345 2366 373 2393 ll.
394 2365 427 2393 ad
446 2365 522 2393 Caes.
545 2366 570 2399 1,
591 2365 617 2392 4.

235 2414 259 2452 ²³)
281 2423 324 2451 ep.
344 2414 374 2442 ll.
396 2414 427 2441 ad
448 2413 524 2442 Caes.
546 2414 571 2447 2,
593 2414 619 2441 4.
641 2413 760 2449 flellwig,
782 2422 807 2448 p.
830 2413 875 2440 29.

235 2462 259 2500 ⁴)
280 2471 322 2499 ep.
343 2462 372 2489 ΙΙ.
395 2461 427 2489 ad
449 2461 524 2489 Caes.
546 2462 571 2495 2,
593 2461 611 2489 4
631 2461 722 2488 Hellw.
744 2469 769 2496 p.
791 2460 837 2488 29.
868 2459 905 2487 Cf.
927 2459 1001 2488 Suet.
1022 2459 1068 2488 Iul.
1090 2459 1165 2487 Caes.
1189 2460 1223 2486 15
1245 2462 1273 2487 et
1293 2459 1339 2489 16.
