1873 2859
1604 24 1651 68 15

26 148 29 149 ⁷
83 140 186 179 immo
208 135 277 175 nisi
300 133 438 183 optimis
462 134 534 171 veri
557 132 759 181 honestique
790 131 981 180 praeceptis
1006 143 1026 170 a
1048 132 1168 180 primis
1192 134 1313 170 aetatis
1337 134 1434 170 annis
1466 134 1643 172 institutus

84 200 183 243 atque
214 185 365 243 imbutus
398 193 508 235 esset,
541 191 616 228 fieri
644 202 713 227 non
744 190 929 238 potuisset,
962 191 1001 226 ut
1032 189 1103 227 veri
1132 189 1334 238 honestique
1366 201 1486 230 sensus
1519 192 1650 229 tamdiu

82 254 172 291 vitiis
197 251 294 298 quasi
318 260 501 297 oppressus
525 251 643 296 postea
666 248 884 285 revivisceret
907 250 942 285 et
964 248 1000 284 in
1024 247 1159 294 scriptis
1184 247 1282 285 fieret
1311 249 1522 286 manifestus.
1563 250 1649 286 Ani-

81 300 175 348 mum
199 310 314 346 autem
340 310 462 345 natura
487 305 674 343 firmiorem
699 306 764 342 sibi
789 306 894 342 fuisse
927 316 1030 352 quam
1066 315 1187 352 corpus
1219 303 1362 352 ideoque
1394 307 1505 353 magis
1539 307 1651 343 excul-

82 372 164 412 tum,
191 367 232 403 de
258 377 294 402 se
319 366 392 412 ipse
418 365 534 401 dicens
558 363 699 411 fingitur
723 364 758 399 in
783 374 835 410 ep.
861 363 904 399 H.
930 364 974 399 ad
986 362 1081 399 Caes,
1107 364 1176 408 (10,
1203 364 1234 405 2,
1261 362 1378 410 Cort.).

196 425 311 469 Atque
325 424 482 459 omnibus
499 423 637 468 quidem
647 422 745 458 bonis
758 421 897 465 artibus,
915 421 1039 468 quibus
1052 421 1158 457 imbui
1175 420 1329 458 solebant
1338 422 1444 468 pueri,
1464 421 1649 460 Salustium

82 481 207 528 optime
224 480 417 515 institutum
435 489 510 515 esse
527 489 568 514 ex
586 479 657 514 eius
675 478 810 524 scriptis
827 478 909 513 satis
927 480 1076 523 apparet,
1089 478 1156 521 ,sed
1172 479 1315 523 quando,
1334 479 1402 521 ubi,
1421 490 1441 513 a
1465 490 1531 524 quo
1553 481 1649 515 insti-

83 541 174 576 tutus
188 538 242 581 sit,
261 548 339 573 cum
356 537 397 572 de
416 537 457 571 iis
474 537 576 572 rebus
593 535 678 571 nihil
693 535 876 571 memoriae
892 535 1063 587 proditum
1081 535 1135 578 sit,
1153 545 1292 581 prorsus
1305 535 1490 582 ignoratur.
1524 535 1650 572 Errant

82 597 172 633 enim
195 595 386 637 Kunhardt‚
422 594 526 637 Seibt,
552 594 692 630 Burette
718 593 766 640 (in
791 594 891 639 vita),
918 593 976 639 qui
1009 604 1050 629 cx
1075 592 1167 629 Suet.
1201 605 1343 640 gramm.
1378 594 1433 631 10.
1467 593 1650 631 conficiunt

83 653 290 698 „Salustium
314 663 334 688 a
357 654 453 698 patre
479 651 640 687 traditum
665 661 740 686 esse
764 651 799 686 in
824 649 1037 696 disciplinam
1061 650 1156 686 Attei
1181 651 1388 687 Praetextati
1412 651 1645 694 Atheniensis,

83 711 141 758 qui
172 710 378 746 rhetoricam
402 709 529 746 Romae
562 709 704 745 docebat
737 710 772 744 et
803 706 960 754 Crispum
995 718 1076 754 prae
1109 707 1182 743 aliis
1216 707 1378 755 singulari
1411 719 1525 745 amore
1559 719 1650 745 com-

81 768 325 814 plectebatur.“
356 767 408 802 -Is
441 767 533 803 enim
571 769 690 812 postea
730 776 832 811 quam
862 766 1061 811 Appiorum
1101 766 1137 801 in
1176 766 1349 812 provincia
1388 777 1502 803 eomes
1539 767 1650 804 fuerat

82 827 124 871 (a.
157 836 188 861 u,
225 824 385 872 701l53),
417 823 561 859 coluisse
594 822 856 858 familiarissime
888 821 924 857 C.
963 821 1151 857 Salustium
1175 833 1320 869 eumque
1346 823 1526 859 historiam
1558 835 1650 860 com-

82 894 206 930 ponere
240 893 442 929 aggressum
471 882 595 918 iuvisse
622 880 790 927 expressis
822 880 935 917 verbis
972 880 1143 927 dicitur1).
1181 879 1266 916 Cum
1298 882 1412 917 autem
1444 892 1519 919 mos
1559 884 1650 919 esset

83 941 322 983 Romanorum,
348 942 387 975 ut
410 940 659 975 institutionem
684 949 761 974 cum
795 938 993 976 educatione
1027 950 1047 974 a
1077 938 1197 984 primis
1230 939 1349 975 aetatis
1383 940 1480 976 annis
1512 941 1650 976 coniun-

83 1000 213 1045 gerent,
240 1008 349 1044 neque
375 996 484 1033 solum
509 1007 558 1040 ea,
585 1007 670 1043 quae
695 996 731 1031 in
756 995 839 1040 foro,
866 1006 996 1042 campo,
1023 996 1143 1031 castris
1168 995 1299 1040 fierent,
1326 1007 1478 1044 quaeque
1503 1009 1523 1033 a
1546 998 1650 1034 maio-

80 1056 174 1091 ribus
207 1055 379 1101 praeclare
403 1056 502 1101 gesta
526 1056 661 1096 essent,
688 1054 723 1089 in
748 1056 913 1099 quantum
937 1053 1067 1098 percipi
1090 1057 1230 1099 possent
1254 1066 1274 1089 a
1296 1056 1421 1100 pueris,
1447 1055 1508 1090 filii
1532 1056 1651 1091 edoce-

80 1115 198 1149 rentur
222 1123 242 1148 a
265 1113 429 1159 patribus,
456 1112 517 1148 sed
541 1111 644 1147 etiam
667 1111 787 1157 primis
811 1110 1002 1147 litterarum
1027 1109 1203 1146 elementis
1228 1111 1507 1156 instituerentur,
1533 1115 1650 1149 noster

82 1182 215 1217 quoque
233 1171 400 1207 Salustius
417 1181 496 1206 cum
510 1168 574 1205 alia
592 1171 665 1205 tum
689 1169 799 1215 prima
822 1168 958 1216 legendi
982 1168 1153 1205 scribendi
1177 1170 1379 1206 numerandi
1406 1170 1502 1207 initia
1518 1181 1538 1207 a
1553 1173 1649 1218 patre

84 1229 224 1264 edoctus
249 1238 324 1264 esse
349 1228 492 1263 videtur.

199 1285 267 1322 Sed
292 1296 369 1321 cum
403 1296 442 1321 eo
475 1285 612 1330 quidem
646 1286 797 1330 tempore
829 1283 1000 1319 Amiterni
1033 1294 1166 1330 quoque
1199 1287 1237 1320 ut
1268 1285 1336 1320 iam
1369 1288 1447 1321 ante
1480 1287 1648 1322 trecentos

84 1343 155 1379 fere
180 1353 287 1379 annos
311 1343 454 1379 Faleriis
479 1342 564 1388 (Liv.
591 1342 622 1377 V
647 1342 703 1385 27,
730 1343 765 1387 1)
790 1343 824 1377 et
848 1341 985 1377 Tusculi
1009 1341 1095 1388 (Liv.
1122 1342 1188 1384 VI,
1214 1344 1277 1385 25,
1305 1344 1339 1388 9)
1364 1342 1435 1378 ludi
1459 1343 1650 1378 litterarum

80 1401 184 1437 fuisse
209 1401 387 1437 videantur
420 1411 530 1447 neque
562 1402 696 1446 patrem
729 1401 861 1435 tantum
893 1399 929 1435 in
961 1398 1084 1437 litteris
1116 1400 1300 1446 profecisse
1333 1403 1469 1447 putem,
1503 1402 1542 1436 ut
1572 1400 1649 1447 plus

79 1468 180 1503 quam
204 1460 397 1493 rudimenta
421 1459 556 1493 doceret
580 1457 705 1500 filium,
733 1468 811 1493 eum
835 1469 854 1492 a
885 1460 982 1502 patre
1006 1468 1116 1503 neque
1149 1468 1246 1493 servo
1280 1469 1390 1503 neque
1423 1459 1545 1494 liberto
1578 1459 1647 1494 cui-

79 1525 191 1561 quam,
217 1515 276 1562 qui
297 1515 388 1551 domi
411 1525 490 1550 suae
515 1514 707 1557 instrueret,
734 1514 795 1550 sed
819 1513 920 1549 simul
944 1524 1023 1549 cum
1047 1513 1121 1549 aliis
1150 1515 1264 1560 pueris
1286 1514 1357 1551 ludi
1374 1515 1531 1562 magistri
1547 1525 1648 1552 curae

80 1573 321 1608 demandatum
357 1583 432 1608 esse
468 1572 740 1608 existimaverim.
789 1572 830 1607 In
853 1571 908 1607 his
932 1571 1021 1607 ludis
1052 1571 1250 1608 litteratoris
1276 1583 1354 1609 cum
1378 1573 1447 1609 iam
1471 1575 1650 1620 appareret

81 1640 252 1666 summum
270 1629 397 1666 Salusti
413 1630 588 1676 ingenium
602 1630 636 1665 et
653 1629 809 1675 egregiae
826 1629 930 1664 animi
954 1629 1061 1671 doteS,
1087 1630 1311 1674 grammatico
1337 1631 1473 1666 cuidam
1496 1633 1555 1666 aut
1571 1631 1649 1667 rhe-

81 1688 145 1724 tori
190 1700 209 1724 a
240 1690 337 1735 patre
370 1688 532 1724 traditum
565 1698 639 1724 esse
673 1686 858 1722 Salustium
889 1688 1154 1723 consentaneum
1186 1689 1248 1723 est.
1297 1687 1338 1723 In
1379 1688 1515 1735 scriptis
1557 1688 1649 1724 enim

81 1749 274 1782 accuratam
311 1749 346 1782 et
369 1746 628 1792 grammaticam
653 1747 687 1781 et
710 1744 916 1781 rhetoricam
939 1745 1116 1781 scientiam
1141 1746 1206 1781 sibi
1237 1757 1452 1793 comparasse
1485 1747 1644 1784 ostendit.

82 1803 314 1841 Grammaticis
327 1806 441 1840 autem
465 1805 524 1840 aut
546 1802 702 1841 rhetores
734 1813 813 1839 cum
843 1803 898 1838 vix
922 1802 1049 1839 fuerint
1080 1802 1260 1847 Amiterni,
1295 1803 1462 1840 Salustius
1494 1804 1647 1848 Romam,

80 1862 138 1897 ubi
162 1863 463 1908 grammaticorum
488 1862 559 1897 ludi
583 1863 661 1907 post
685 1872 811 1897 annum
843 1861 1004 1907 604s150‚
1042 1860 1220 1897 rhetorum
1245 1863 1373 1908 662s92
1409 1863 1520 1909 coepti
1552 1866 1649 1899 erant

80 1918 230 1963 institui,
256 1919 324 1955 iam
348 1921 426 1955 ante
452 1921 586 1955 sextum
611 1918 780 1954 decimum
804 1918 926 1953 aetatis
950 1928 1076 1953 annum
1101 1929 1121 1953 a
1145 1921 1242 1965 patre
1267 1920 1432 1954 deductus
1457 1930 1532 1956 esse
1556 1921 1648 1956 vide-

78 1978 143 2013 tur.
193 1977 314 2024 Neque
338 1977 451 2024 ipsum
475 1976 602 2013 Romae
626 1975 792 2012 mansisse
817 1977 960 2022 patrem,
985 1977 1024 2011 ut
1047 1976 1089 2012 de
1106 1975 1154 2012 M.
1181 1978 1215 2012 et
1239 1974 1301 2020 Qu.
1328 1975 1528 2013 Ciceronum
1551 1979 1647 2024 patre

80 2037 292 2080 compertum
324 2037 377 2071 est
401 2034 483 2081 (Cic.
510 2035 552 2070 de
576 2045 624 2069 or.
654 2036 695 2076 2,
723 2035 767 2078 1),
800 2044 911 2079 neque
935 2034 1111 2069 custodem
1144 2033 1292 2080 aliquem
1324 2034 1388 2071 sibi
1420 2035 1647 2081 propinquum

78 2090 147 2127 filio
172 2092 325 2136 dedisse,
351 2092 412 2129 sed
436 2092 671 2138 paedagogum
694 2101 855 2137 graecum
892 2090 1106 2134 adhibuisse,
1140 2091 1199 2137 qui
1234 2091 1278 2127 ad
1312 2092 1552 2138 grammaticos
1589 2095 1648 2129 aut

78 2148 233 2186 rhetores
258 2160 337 2186 eum
361 2150 561 2192 deduceret,
587 2158 709 2195 graeco
733 2158 889 2184 sermone
915 2150 1106 2191 exerceret,
1132 2149 1258 2195 ubique
1281 2148 1465 2185 honestum
1489 2152 1524 2186 et
1547 2150 1647 2187 deco-

79 2218 155 2242 rum
179 2210 334 2244 moneret
357 2207 480 2251 filium,
506 2217 585 2243 cum
609 2217 650 2243 ex
674 2217 768 2242 more
791 2206 1014 2242 usitatissimo
1039 2206 1111 2242 eius
1137 2206 1300 2253 temporis
1326 2208 1398 2243 tum
1422 2217 1464 2243 ex
1489 2210 1647 2245 accurata

76 2264 377 2312 graecaelinguae
401 2264 531 2307 notitia,
557 2274 643 2310 quae
668 2274 709 2300 ex
734 2263 869 2310 scriptis
894 2265 1044 2309 apparet,
1070 2263 1190 2299 confici
1206 2266 1330 2309 potest.
1378 2263 1443 2308 Qui
1459 2275 1539 2301 vero
1563 2277 1647 2302 num

79 2331 118 2357 ea
162 2332 229 2368 qua
260 2325 358 2369 pater
393 2321 568 2371 diligentia
600 2320 843 2368 disciplinaque
879 2321 1011 2357 munita
1046 2321 1244 2357 custodierit
1267 2320 1463 2366 Salustium,
1500 2323 1648 2360 dubitari

78 2381 201 2424 potest.
250 2380 360 2424 Certe,
386 2381 416 2416 si
440 2392 507 2426 qua
531 2381 567 2415 in
590 2380 735 2426 pueritia
757 2379 911 2426 peccavit
927 2379 1094 2416 Salustius
1118 2390 1229 2425 neque
1253 2378 1383 2416 alienus
1406 2379 1472 2417 fuit
1496 2381 1538 2418 ab
1556 2382 1648 2418 omni

78 2436 230 2481 mollitia,
256 2449 325 2474 non
348 2441 456 2485 pater,
482 2449 584 2484 quem
608 2449 651 2475 ne
675 2436 930 2474 declamationis
957 2437 1095 2484 quidem
1120 2439 1236 2473 auctor
1261 2437 1325 2482 (V,
1353 2438 1397 2475 19
1423 2437 1528 2482 Cort.)
1554 2440 1647 2476 incu-

78 2495 154 2537 sat,
187 2495 248 2531 sed
281 2496 499 2543 paedagogus
531 2496 741 2531 accusandus
776 2497 839 2531 est.
888 2495 942 2531 Ne
975 2497 1089 2531 autem
1121 2505 1178 2539 eo,
1205 2495 1296 2541 quod
1318 2496 1555 2544 paedagogum
1591 2498 1649 2534 ad-

191 2609 214 2647 ¹)
234 2610 327 2640 muner
345 2620 371 2649 p.
394 2612 438 2647 19,
457 2611 541 2640 'reum
561 2611 592 2639 R.
611 2611 641 2643 L.
660 2609 697 2640 11¹
715 2610 730 2648 ξ
749 2610 803 2639 20⁹1
825 2610 885 2639 adn.
905 2619 932 2648 p.
953 2610 1016 2638 3⁹3.
