1873 2859
155 174 158 176 ’
178 178 315 214 Ex-lite
342 170 433 213 enim
458 178 525 213 sibi
550 179 682 223 intenta
707 179 794 214 bene
819 178 1004 224 collegerat
1030 180 1065 214 et
1089 177 1321 224 periculosum
1345 190 1421 214 esse
1438 179 1665 225 magistratus

64 247 185 287 gerere
212 238 247 272 et
273 235 424 282 pericula
451 237 485 272 et
509 235 747 271 liberationem
775 247 811 272 se
830 235 968 271 Caesari
995 236 1128 273 debere.
1179 234 1334 270 Caesaris
1360 237 1474 271 autem
1499 235 1666 278 studium,

65 294 256 344 qnimulta
281 305 343 339 per
368 294 566 339 superbiam
593 296 627 329 et
651 293 829 329 libidinem
856 295 976 340 ageret
990 294 1026 337 ¹),
1042 297 1080 329 ut
1105 294 1140 329 in
1166 293 1241 329 aliis
1257 292 1411 329 Caesaris
1434 294 1563 337 amicis,
1591 292 1666 340 qui-

43 386 44 389 ,
66 354 128 396 bus
155 346 294 398 quidem
321 361 418 386 mens
445 362 528 385 sana
553 353 776 393 remanserat,
812 351 858 386 ita
884 351 919 385 in
946 351 1105 393 Salustio‚
1131 354 1316 396 postquam
1341 361 1382 386 ex
1407 352 1526 387 Africa
1549 351 1664 393 rediit,

65 410 160 446 brevi
194 409 415 444 imminutum
450 419 525 444 esse
556 410 647 454 puto.
697 409 857 445 Accessit
883 409 972 455 quod
999 408 1223 456 magistratus
1250 419 1319 444 non
1344 408 1392 443 ita
1416 407 1561 444 feliciter
1585 401 1676 455 ges-v

64 468 175 508 serat,
212 469 249 501 ut
283 478 352 501 non
386 466 494 500 multo
528 466 698 500 maiorem
727 465 873 511 gloriam
903 476 921 501 6
947 467 1112 500 memoria
1137 477 1253 501 rerum
1279 469 1456 511 gestarum
1482 467 1547 501 sibi
1572 467 1665 501 futu-

64 535 138 561 ram
169 534 244 559 esse
280 526 445 569 speraret.
497 522 583 558 Cum
609 534 692 569 ergo
717 533 828 569 neque
855 523 995 558 honoris
1022 523 1145 569 cupido
1171 524 1213 558 ad
1239 523 1462 569 magistratus
1488 524 1664 558 adeundos

64 581 265 628 impelleret,
292 592 405 626 neque
431 580 615 615 inhonesta
640 582 674 615 et
699 581 891 625 perniciosa
916 592 995 615 eum
1022 581 1161 616 teneret·
1179 581 1284 616 libido
1310 581 1483 626 potentiae
1506 580 1663 616 Caesaris

1619 54 1634 67 ,ι
1654 63 1660 66 ,
1688 54 1694 59 >
1738 56 1744 62 ³
1801 69 1803 71 Ι

1620 70 1667 109 51

1728 108 1734 114 .
1768 107 1800 117 ,κ

1766 121 1770 129 .

63 640 166 674 decus
201 640 302 683 atque
336 637 531 673 libertatem
567 648 664 672 suam
698 637 885 683 gratificari
900 637 946 680 2),
982 637 1082 682 paulo
1115 640 1195 683 post
1227 638 1378 686 reditum
1412 648 1453 672 ex
1487 638 1664 683 provincia
1719 658 1726 663 -

62 697 137 732 vivo
163 695 267 731 etiam
295 698 367 730 tum
386 695 530 730 Caesare
552 695 618 744 sed
644 695 803 730 omnibus
829 695 900 729 fere
927 706 1029 729 exoso
1055 707 1074 730 a
1099 694 1274 740 republica
1301 694 1446 730 recessit
1472 698 1507 730 et
1533 706 1576 737 „a
1594 705 1663 740 quo

5 747 10 753 ’
61 742 197 798 incep‘to
234 753 416 798 studioque
451 763 529 787 eum
565 752 706 787 ambitio
739 751 829 786 mala
860 753 1071 794 detinuerat,
1108 753 1229 787 eodem
1254 763 1434 799 regressus
1461 752 1581 787 statuit
1605 763 1662 787 res

59 812 176 856 gestas
197 810 314 855 populi
332 810 475 844 Romani
494 809 649 853 carptim,
677 811 715 843 ut
736 820 891 854 quaeque
911 809 1076 844 memoria
1094 810 1198 855 digna
1213 805 1404 852 videbatur,
1422 809 1660 855 perscribere“

61 866 145 911 (Cat.
167 867 199 907 4,
220 867 267 908 2).
318 866 359 900 Id
384 865 564 900 consilium
590 866 685 900 brevi
712 866 954 900 confirmatum
980 868 1033 900 est
1058 865 1213 901 Caesaris
1240 867 1361 908 caede,
1389 877 1456 911 qua
1480 868 1659 911 permotus

60 924 210 970 optimus
237 923 382 969 quisquc
409 934 428 957 a
454 921 629 968 republica
654 922 798 957 recessit
824 925 858 958 et
883 922 1007 957 litteris
1034 933 1070 957 se
1097 923 1209 965 dedit,
1247 925 1348 968 atque
1374 925 1412 957 ut
1437 923 1556 957 Cicero
1581 924 1661 967 post

60 981 215 1016 Caesaris
242 981 381 1015 caedem
409 981 547 1025 scripsit
572 980 677 1015 libros
704 981 746 1014 de
772 983 894 1015 natura
919 981 1081 1022 deorum,
1117 981 1159 1016 de
1186 981 1413 1023 divinatione,
1440 981 1482 1016 de
1507 979 1588 1023 fato,
1615 980 1658 1016 de

60 1038 229 1080 amicitia,
266 1039 307 1073 de
335 1039 532 1079 senectute,
569 1037 610 1072 de
636 1036 763 1082 gloria,
795 1037 843 1072 ita
868 1037 1055 1073 Salustium
1081 1038 1207 1073 misera
1232 1037 1439 1083 reipublicae
1465 1037 1660 1073 conditione

59 1098 93 1132 et
118 1095 273 1131 Caesaris
300 1097 403 1131 caede
430 1096 472 1130 ad
498 1094 735 1140 philosophiae
762 1096 796 1129 et
821 1094 985 1130 historiae
1012 1095 1165 1130 studium
1190 1096 1372 1130 reductum
1398 1105 1473 1131 esse
1499 1097 1593 1141 puto.

105 1220 211 1274 Cap.
235 1219 335 1264 XV.
377 1220 616 1272 Quomodo
648 1234 762 1264 usus
792 1220 856 1264 sit
886 1219 982 1263 otio
1013 1220 1061 1263 et
1091 1219 1280 1274 quando
1311 1219 1526 1262 mortuus
1556 1217 1621 1261 sit

724 1287 993 1331 Salustius?

174 1373 325 1407 Primum
362 1374 454 1408 haud
489 1375 590 1409 dubie
624 1376 666 1409 ad
693 1374 963 1409 coniurationem
989 1374 1162 1421 Catilinae·
1180 1374 1397 1408 scribendam
1422 1373 1575 1408 animum
1600 1374 1660 1409 ad-

57 1430 146 1471 iecit,
174 1441 242 1465 non
268 1431 370 1466 modo
397 1432 489 1476 quod
514 1430 580 1466 hoc
607 1431 739 1466 facinus
765 1431 935 1477 imprimis
962 1429 1183 1465 memorabile
1210 1430 1418 1465 existimavit
1441 1429 1584 1474 periculi
1608 1432 1658 1464 at-

56 1498 121 1532 que
158 1488 296 1522 sceleris
332 1489 481 1523 novitate
510 1489 560 1531 (C.
581 1490 613 1530 4,
639 1490 694 1533 4),
732 1491 792 1524 sed
819 1490 910 1534 quod
936 1489 967 1523 ei
992 1489 1086 1523 locus
1113 1489 1212 1523 datus
1239 1498 1313 1523 esse
1335 1488 1515 1523 videbatur
1541 1487 1657 1532 (Ger12

56 1557 88 1589 p.
108 1545 221 1588 XXII)
258 1546 298 1579 de
334 1546 487 1580 moribus
524 1546 671 1581 civitatis
704 1546 914 1581 disserendi:
942 1545 1085 1580 Viderat
1111 1545 1202 1580 enim
1227 1544 1331 1579 homo
1357 1545 1656 1590 ingeniosissimus

56 1604 90 1636 et
123 1613 184 1636 sua
218 1605 252 1637 et
277 1602 432 1636 Caesaris
467 1605 501 1637 et
536 1603 742 1648 reipublicae
778 1603 928 1648 pericula
963 1614 982 1637 a
1015 1602 1113 1637 malis
1144 1602 1297 1637 moribus
1328 1602 1476 1636 civitatis
1501 1602 1657 1647 profecta

56 1669 141 1693 esse.
194 1658 239 1693 Et
272 1670 350 1693 cum
384 1659 419 1693 in
453 1659 556 1694 rebus
592 1660 701 1705 gestis
736 1659 927 1694 scribendis
959 1670 1027 1693 non
1054 1658 1263 1704 voluptatem
1289 1669 1401 1703 neque
1427 1658 1567 1693 delicias
1593 1659 1656 1694 sed

55 1716 261 1761 reipublicae
294 1716 479 1752 utilitatem
513 1719 706 1762 spectaret,
742 1717 777 1752 in
803 1716 968 1752 Catilinae
1003 1716 1236 1752 coniuratione
1261 1715 1369 1751 malos
1396 1726 1509 1751 mores
1535 1718 1654 1761 aperte

55 1773 248 1818 explanavit
274 1776 308 1809 et
333 1774 525 1819 castigavit.
578 1774 738 1809 Accessit
763 1775 855 1819 quod
881 1777 916 1809 et
941 1774 1014 1819 ipse
1037 1774 1169 1809 viderat
1192 1774 1460 1809 coniurationem
1486 1776 1522 1808 et
1546 1774 1589 1809 de
1615 1784 1655 1809 ea

55 1831 205 1865 scribere
241 1831 304 1865 sibi
340 1833 567 1876 proposuerat
594 1833 628 1865 et
653 1831 835 1866 Caesarem
861 1832 967 1866 fuisse
993 1832 1236 1866 coniurationis
1263 1832 1393 1866 socium
1419 1834 1493 1866 tum
1513 1823 1655 1876 ‘potis'si-

56 1898 149 1921 mum
176 1889 427 1932 spargebantur
453 1888 530 1922 falsi
556 1899 723 1923 rumores.
776 1889 905 1931 Quibus
932 1891 969 1922 ut
997 1888 1168 1929 officeret,
1197 1899 1300 1933 quam
1326 1887 1502 1923 verissime
1528 1887 1652 1933 potuit,

54 1944 96 1978 de
122 1944 286 1980 Catilinae
314 1938 545 1980 coniuratione
582 1945 699 1990 paucis
725 1944 870 1980 absolvit
897 1944 945 1989 (C.
964 1945 996 1986 4,
1019 1945 1065 1988 3).
1117 1945 1233 1990 Atque
1259 1944 1435 1980 absolutus
1460 1954 1536 1979 esse
1561 1944 1654 1979 vide—

55 2003 109 2034 tur
132 2000 296 2036 Catilinae
323 2002 409 2037 liber
436 2013 475 2036 eo
502 2002 582 2036 anni
608 2002 679 2037 fere
706 2003 826 2047 spatio,
854 2003 945 2047 quod
971 2002 1060 2037 inter
1078 2002 1235 2037 Caesaris
1261 2004 1296 2037 et
1313 2001 1486 2038 Ciceronis
1512 2001 1655 2037 caedem

53 2056 259 2093 intercessit.
276 2058 302 2102 ³)

167 2116 250 2150 Post
276 2115 455 2151 Catilinam
490 2116 656 2161 scriptum
691 2126 766 2151 esse
800 2115 929 2151 bellum
961 2115 1207 2161 Iugurthinum
1247 2127 1349 2151 nemo
1374 2114 1473 2151 facile
1498 2115 1651 2162 negabit,

54 2173 111 2217 qui
145 2173 246 2207 huius
281 2173 359 2208 libri
394 2174 572 2209 exordium
598 2185 676 2208 cum
716 2174 774 2209 illo
809 2173 993 2220 diligenter
1026 2174 1285 2219 comparaverit.
1332 2173 1448 2209 Isdem
1482 2173 1575 2209 enim
1609 2174 1652 2209 de

52 2230 155 2264 rebus
180 2230 247 2264 hoc
273 2231 435 2274 disputat,
463 2231 587 2275 quibus
613 2230 680 2273 illo,
709 2232 769 2265 sed
804 2230 911 2265 multo
945 2230 1079 2275 plenius
1114 2233 1148 2265 et
1173 2230 1319 2275 gravius.
1363 2230 1448 2265 Cum
1475 2231 1568 2266 enim
1593 2231 1653 2267 illo

52 2284 139 2321 libro
165 2286 282 2321 multis
308 2298 376 2321 non
403 2287 610 2322 satisfecisse
630 2288 795 2329 videatur,
822 2288 890 2322 iam
915 2287 1016 2322 altius
1042 2288 1077 2322 in
1104 2288 1241 2322 easdem
1267 2298 1322 2322 res
1348 2287 1501 2333 inquirit.
1541 2288 1653 2324 Malos

51 2353 164 2378 mores
202 2355 221 2378 a
259 2346 380 2378 natura
418 2345 558 2389 quidem
595 2345 732 2389 generis
772 2344 912 2380 humani
952 2345 1086 2390 repetit,
1127 2345 1187 2379 sed
1226 2355 1299 2379 eam
1337 2344 1546 2380 imbecillam
1572 2356 1651 2381 esse

51 2402 172 2445 negat;
200 2401 364 2436 maiorem
392 2411 531 2445 operam
557 2411 594 2435 ac
621 2401 835 2447 diligentiam
861 2402 958 2447 ponit
983 2402 1016 2435 in
1041 2402 1289 2446 redarguendis
1310 2402 1652 2446 reprehensionibus,

51 2466 137 2502 quae
163 2458 304 2493 consilio
330 2468 391 2492 suo
418 2458 506 2493 obici
532 2459 665 2503 possint
691 2461 725 2493 et
751 2459 901 2494 taedium
936 2469 1036 2493 suum
1070 2458 1119 2493 rei
1154 2457 1311 2503 publicae
1349 2458 1458 2494 multo
1493 2460 1649 2495 acerbius

107 2557 149 2593 -¹)
171 2557 251 2594 Lang.
273 2557 312 2591 ΙΙΙ,
334 2557 389 2584 456
412 2565 452 2592 sq.

127 2604 149 2640 2)
170 2605 225 2640 lug.
249 2605 274 2637 5,
295 2605 322 2633 4.
344 2605 413 2631 Kritz
434 2605 517 2640 praef.
539 2614 564 2640 p.
588 2606 622 2632 18
644 2605 731 2632 media
753 2609 845 2633 contra
867 2605 990 2633 Dietscha
1011 2606 1094 2642 praes.
1118 2606 1175 2634 18¹.

126 2651 148 2688 ⁸)
169 2652 204 2679 ld.
227 2652 300 2680 Mart.
323 2652 426 2688 710144
447 2661 533 2689 usque
555 2653 586 2680 ad
608 2661 730 2682 mensem
753 2654 814 2680 Dec.
838 2654 950 2691 711143.
982 2654 1105 2682 Dietsch²³
1125 2655 1208 2692 praef.
1230 2663 1255 2691 p.
1284 2655 1328 2682 25.
