1873 2859
1666 53 1708 102 3..

122 164 203 211 dam
217 168 332 207 'fuisse
356 165 622 215 amplissimam“
650 168 860 216 argumentis
884 168 962 207 non
976 167 1087 207 allatis
1119 169 1280 207 statuisse
1314 164 1450 210 refiert..
1478 169 1601 219 Neque
1633 181 1684 216 ea,

60 258 66 268 .
122 238 208 277 quae
230 226 287 263 Io.
310 224 531 267 Albertus
554 225 830 273 Fabricius1)
855 228 890 264 et
912 226 940 264 I.
965 226 1011 263 N.
1035 223 1261 265 Funccius
1277 227 1306 274 ¹)
1329 227 1373 265 de
1396 227 1466 265 vita
1488 230 1525 265 et
1546 228 1684 276 seriptis

123 283 248 323 salusti
271 282 516 326 disseruerunt,
541 283 749 330 perscrutari
771 283 858 320 mihi
894 284 999 321 licuit.
1047 283 1089 320 Id
1111 295 1217 321 unum
1239 284 1327 321 mihi
1358 285 1512 332 persuasi
1525 313 1535 329 ,
1568 296 1701 327 omues

91 365 96 369 -
121 342 210 385 fere,
236 340 295 388 qui
319 341 397 376 ante
422 338 575 376 Cortium
599 341 641 377 de
666 340 813 378 Salustio
837 342 1065 392 scripserunt,
1102 352 1215 379 mores
1238 342 1312 379 eius
1345 342 1477 379 acriter·
1501 342 1686 390 reprehen-

122 398 223 441 disse,
249 395 377 443 scripta
399 395 556 433 laudibus
581 396 754 443 extulisse,
779 408 890 446 neque
915 398 1022 436 fuisse
1046 408 1261 446 quemquam,
1287 399 1345 446 qui
1369 400 1546 436 auctorum
1580 399 1685 437 iidem

121 455 157 492 in
181 453 320 491 dubium
346 463 466 491 vocare
490 455 640 492 auderet.

188 511 305 547 Ausus
330 513 383 547 est
415 512 553 548 tandem
586 511 789 550 Gottlieb
823 513 1001 550 Cottius
1036 513 1324 560 (1698-1731),
1359 514 1417 560 qui
1452 514 1488 550 in
1525 514 1682 551 editionis

119 567 389 605 absolutissimae
414 568 562 615 (Lipsiae
592 569 696 616 1724)
720 571 927 616 praefatione
957 571 1058 613 „vitia
1082 571 1154 607 eius
1178 571 1303 607 Lenaei
1327 570 1556 617 Pollionisque
1580 571 1683 607 male-

123 624 242 669 „dietis
266 626 325 661 aut
348 625 486 672 ineptiis
512 637 647 670 eorum,
685 628 743 674 qui
778 627 926 664 Dionem
951 627 1105 664 Cassium
1136 628 1406 674 descripserunt,
1442 627 1513 663 sive
1537 628 1683 664 Aeronis

122 682 332 726 „auctoritati
357 682 523 731 originem
547 684 693 721 debere“
718 685 857 721 monuit.
907 684 1003 730 Quod
1027 684 1161 721 Cortius
1184 695 1302 732 presse
1326 687 1519 729 monuerat,
1545 685 1685 722 uberius

118 740 273 786 exposuit
296 739 655 788 Christophorus
694 742 819 778 Mart.
854 742 1061 778 Wieland
1085 742 1358 788 (1793-1813),
1393 743 1451 788 qui
1498 753 1588 778 nona
1608 754 1682 779 ver-

117 795 204 833 sioni
239 795 488 843 pulcherrimae
521 797 720 835 Saturarum
748 798 869 835 Horati
910 799 1041 835 adiecta
1079 800 1159 835 nota
1193 800 1237 845 (p.
1272 798 1317 835 57
1349 799 1439 845 sqq.)
1472 799 1684 836 defendendo

117 853 263 891 Salustio
288 865 426 901 operam
449 856 595 892 navavit.
1453 851 1455 854 ’

233 911 317 948 Inde
342 912 434 948 enim
459 924 478 948 a
503 912 617 949 Cortio
641 914 676 949 in
701 915 785 950 duas
809 916 923 960 partes
949 914 1179 950 discesserant
1203 914 1396 959 scriptume,
1423 924 1567 959 quorum
1584 913 1682 950 alteri

117 971 329 1013 accusarunt,
356 969 454 1007 alteri
484 970 710 1008 defenderunt
735 970 861 1008 Salusti
885 981 1007 1007 mores,
1057 970 1218 1008 Defendit
1253 970 1343 1017 Thy
1355 970 1483 1007 onius
1520 971 1556 1006 in
1592 971 1683 1007 notis

116 1027 159 1062 ad
183 1026 303 1063 Clerici
327 1028 432 1064 vitam
456 1029 603 1065 versioni
626 1028 768 1076 gallicae
798 1029 1021 1075 praemissam
1046 1028 1186 1064 adiectis
1224 1029 1366 1073 (1730),
1405 1039 1506 1074 quem
1546 1031 1682 1064 secutus

116 1086 169 1120 est
191 1084 449 1121 Massonius
484 1086 519 1121 in
543 1087 697 1122 versione
722 1086 862 1121 Parisiis
901 1097 928 1121 a
966 1084 1045 1121 Chr.
1073 1086 1165 1122 1779
1200 1086 1290 1122 edita
1326 1087 1360 1121 et
1391 1089 1510 1130 postea
1532 1084 1683 1121 Malle-

114 1141 282 1177 brunus
307 1145 342 1179 et
365 1142 688 1186 Mollevautus‚
727 1143 785 1189 qui
810 1142 935 1179 Salusti
959 1153 1072 1178 mores
1096 1154 1164 1178 non
1188 1142 1364 1178 inferiores
1389 1153 1491 1188 quam
1508 1141 1680 1179 Ciceronis

115 1199 173 1234 aut
197 1197 333 1236 Catonis
366 1201 425 1236 aut
456 1199 636 1237 cuiuslibet
667 1199 804 1237 alterius
821 1239 824 1244 ,
843 1196 922 1236 boni
961 1199 1043 1236 civis
1076 1199 1181 1235 fuisse
1214 1199 1459 1235 existimarunt.
1473 1198 1499 1244 ⁵)
1530 1198 1680 1234 Accusa-

113 1258 194 1291 runt
224 1257 251 1292 I.
283 1257 309 1292 Ι.
347 1257 389 1294 H.
414 1258 568 1303 Nast4)
606 1260 641 1295 et
677 1258 827 1301 Ross⁵)
865 1260 900 1293 et
931 1258 973 1293 A.
1001 1257 1039 1293 G.
1064 1257 1316 1301 Meisner.⁶)
1346 1256 1453 1300 Quem
1490 1260 1605 1293 secuto
1629 1257 1678 1292 M.

112 1310 306 1348 Henrico
345 1313 585 1349 Kunhardt
621 1324 750 1360 „neque
798 1312 914 1359 culpa,
952 1323 1015 1349 nec
1054 1314 1144 1348 omni
1186 1324 1325 1359 prorsus
1374 1313 1588 1348 excusatione
1631 1313 1681 1347 in-

112 1368 234 1417 dignus
258 1370 351 1407 visus
377 1373 448 1408 est“
477 1370 653 1409 Salustius.
667 1371 698 1420 ⁷)
722 1371 829 1408 Medii
852 1370 990 1408 fuerunt
1013 1370 1040 1407 Ι.
1067 1369 1102 1407 C.
1130 1369 1345 1407 Schluter
1369 1372 1404 1406 et
1431 1368 1679 1406 Weinzierl

113 1428 201 1468 (ante
234 1439 331 1464 suam
363 1430 506 1476 quisque
544 1430 735 1466 versionem
759 1430 1003 1476 germanicam)
1040 1431 1075 1464 et
1098 1428 1146 1463 M.
1180 1428 1206 1463 I.
1234 1428 1268 1463 C.
1300 1428 1356 1462 W.
1382 1428 1495 1462 Dahl
1525 1429 1559 1462 in
1584 1438 1680 1473 prae-

110 1483 234 1522 fatione
274 1486 431 1524 editionis
463 1486 724 1524 Brunovieensis
757 1485 887 1534 (1801).
936 1485 1010 1522 Iam
1042 1495 1121 1522 vero
1153 1484 1253 1532 paulo
1287 1486 1365 1532 post
1405 1484 1541 1521 initium
1573 1484 1675 1521 huius

114 1542 238 1579 saeculi
263 1544 467 1580 exstiterunt
491 1546 557 1580 duo
581 1545 645 1580 viri
670 1544 867 1583 doctissimi,
906 1544 964 1589 qui
988 1544 1079 1589 quod
1114 1543 1188 1579 fieri
1228 1543 1314 1578 solet
1350 1543 1385 1578 in
1417 1543 1519 1579 rebus
1556 1543 1679 1586 dubiis,

111 1609 189 1635 cum
210 1600 349 1647 ingenio
374 1612 435 1637 suo
459 1601 579 1637 confisi
602 1602 745 1637 nimium
768 1602 911 1648 probare
936 1601 1122 1642 studerent,
1149 1600 1415 1635 controversiam
1449 1600 1491 1635 de
1525 1600 1676 1636 moribus

113 1655 239 1693 Salusti
265 1660 418 1694 exortam
438 1670 510 1695 non
533 1660 634 1695 modo
668 1670 737 1695 non
761 1660 1033 1704 composuerunt,
1071 1658 1132 1694 sed
1168 1658 1271 1693 etiam
1287 1659 1289 1661 ’
1303 1657 1414 1693 acrius
1451 1657 1678 1693 intenderunt.

110 1712 212 1750 Alter
229 1715 330 1758 enim,
357 1715 459 1751 Otto
475 1715 610 1751 Maur.
635 1715 814 1758 Miiller,
832 1715 956 1757 libello,
982 1715 1040 1760 qui
1056 1714 1252 1749 inscribitur
1266 1713 1301 1749 C.
1320 1714 1499 1749 Sallustius
1525 1713 1675 1759 Crispus,

104 1769 337 1809 zullichaviae
364 1772 455 1810 1817
492 1773 582 1809 edito
620 1774 776 1810 omnibus
801 1772 999 1809 criminibus
1030 1771 1203 1807 absolvere
1232 1774 1372 1808 conatus
1406 1773 1458 1807 est
1482 1770 1676 1814 Salustium,

109 1827 195 1864 alter
206 1828 321 1866 Ioan.
335 1830 447 1866 Guil.
465 1830 493 1866 L
505 1832 583 1867 oeb
594 1831 653 1867 611
678 1842 718 1868 eo
735 1841 837 1877 quem
854 1832 971 1866 contra
983 1829 1166 1866 Miillerum
1176 1829 1313 1875 scripsit
1336 1828 1422 1865 libro
1439 1829 1485 1875 (V
1485 1828 1675 1866 ratislaviae

110 1885 218 1933 1818)
243 1896 321 1922 eum
346 1887 441 1928 omni
464 1898 505 1924 ex
529 1889 624 1934 parte
650 1888 832 1923 damnavit.
881 1887 965 1922 Post
987 1886 1170 1922 Miillerum
1193 1896 1306 1922 mores
1333 1885 1457 1921 Salusti
1496 1885 1679 1922 defenden-

109 1941 171 1978 dos
204 1942 450 1981 humanissime
488 1946 638 1991 suscepit
661 1944 1042 1981 Bartholomaeus
1078 1944 1332 1986 NardinuS‚
1372 1943 1429 1989 qui
1462 1943 1497 1978 in
1531 1943 1678 1979 editione

110 2009 251 2046 operum
283 2000 410 2038 Salusti
433 2002 568 2039 Brixiae
596 2003 686 2040 1819
719 2002 808 2038 facta
844 2003 942 2037 notas
969 2000 1094 2037 Salusti
1130 2000 1238 2037 famae
1269 2001 1398 2036 inustas
1436 2000 1546 2046 quoad
1583 1999 1679 2036 licuit

108 2067 170 2103 pro
195 2068 256 2094 sua
279 2059 316 2095 in
340 2061 411 2096 tam
433 2060 598 2096 eximium
621 2061 732 2096 virum
756 2059 977 2095 admiratione
1003 2061 1037 2095 et
1060 2061 1158 2105 grata
1181 2058 1346 2094 memoria
1371 2057 1498 2094 diluere
1536 2058 1675 2093 studuit.

224 2114 418 2153 Nardinum
449 2119 585 2164 praeter
609 2116 832 2153 Burnoufium
857 2118 891 2152 et
926 2115 1120 2151 Harlesium
1156 2116 1339 2151 maximam
1374 2117 1505 2160 partem
1539 2117 1675 2150 secutus

109 2172 162 2207 est
185 2171 275 2221 Aug.
302 2173 359 2211 Pa
368 2186 537 2222 ppauer
560 2176 621 2219 iis,
657 2186 741 2222 quae
775 2175 810 2210 in
846 2174 992 2210 editione
1021 2174 1207 2210 Viennensi
1232 2173 1351 2219 (1835)
1378 2173 1419 2208 (16
1444 2171 1569 2208 Salusti
1593 2172 1672 2215 vita,

106 2239 232 2276 genere
257 2230 392 2268 dicendi
424 2235 460 2269 et
484 2233 619 2279 scriptis
644 2233 816 2279 praefatus
842 2233 902 2267 est.
950 2231 1047 2267 Idem
1071 2232 1152 2274 fere,
1178 2233 1216 2266 ut
1243 2230 1426 2266 Salustium
1450 2228 1674 2271 absolverent,

222 2344 244 2383 ι)
264 2346 428 2377 Bibliotheca
449 2348 528 2377 latina
549 2358 572 2377 a.
595 2348 665 2377 1697
687 2348 799 2386 primum
820 2346 897 2375 edita.
936 2346 994 2375 Vol.
1014 2347 1032 2381 1,
1053 2347 1069 2374 9
1090 2355 1116 2383 p.
1137 2345 1190 2374 255
1212 2353 1271 2381 sqq.

220 2393 244 2429 ¹)
264 2394 300 2421 De
320 2395 388 2423 virili
406 2399 492 2424 aetate
512 2397 617 2433 linguae
637 2397 741 2424 latinae.
760 2397 823 2423 Pars
843 2396 872 2423 11.
894 2404 950 2431 cap.
970 2395 1017 2421 1111.
1040 2394 1068 2431 ἐξ
1089 2395 1105 2421 9
1126 2403 1187 2429 sqq.
1207 2393 1337 2428 Marburgi
1358 2393 1429 2420 1725
1452 2401 1510 2427 sqq.

219 2439 242 2477 ¹)
262 2441 338 2478 Bahr,
358 2442 420 2472 hist.
441 2443 490 2475 Lit.
510 2443 586 2473 Rom.
598 2442 641 2482 *ἓὲ
661 2443 717 2472 254
736 2446 799 2472 nota
820 2442 854 2470 12
874 2442 929 2471 und
949 2441 993 2471 u.
1209 2462 1211 2467 ,

221 2489 244 2528 Δ)
263 2490 308 2520 lib.
329 2492 363 2520 de
382 2492 521 2522 virtutibus
541 2493 667 2522 historiae
688 2492 870 2522 Sallustianae.
891 2491 1067 2528 Stuttgardiae
1088 2490 1169 2519 1785.

220 2536 243 2573 6)
267 2539 417 2567 adversaria
437 2540 471 2568 de
490 2541 609 2568 moribus
630 2540 744 2568 Sallusti.
765 2539 879 2567 Giessen
901 2540 982 2566 1788.

221 2583 247 2622 ⁶)
268 2584 412 2623 descriptio
433 2587 502 2616 vitae
523 2587 621 2616 Salusti
639 2587 758 2616 versioni
778 2586 903 2615 Catilinae
923 2585 1041 2623 (Lipsiae
1062 2583 1148 2622 ¹7⁹0)
1169 2583 1324 2622 praemissa.

220 2631 245 2670 ¹¹)
263 2632 315 2663 vid.
336 2633 462 2665 editionis
482 2636 540 2665 eius
560 2634 676 2674 (Lipsiae
696 2635 781 2674 1812)
799 2634 923 2666 notitiam
938 2634 987 2664 Lit.
1006 2643 1034 2672 p.
1054 2633 1099 2663 18.
1454 2679 1495 2709 ¹*
