1873 2859
128 42 176 84 12

126 160 214 199 Cum
246 163 337 200 enim
369 174 399 200 a.
433 175 466 201 u.
501 164 653 213 4617293
686 175 715 202 a.
750 163 831 203 Chr.
857 165 901 202 ad
933 163 1104 203 Samnites
1137 163 1320 202 defecisset
1355 164 1391 201 et
1421 174 1442 201 a
1475 163 1534 213 Sp.
1559 162 1703 205 Carvilio

125 219 276 258 Maximo
301 232 392 259 cons.
417 222 450 259 vi
475 225 613 271 captum
637 225 739 269 esset,
766 235 865 263 caesa
888 226 969 262 sunt
992 225 1040 262 ibi
1065 223 1160 261 milia
1182 223 1363 261 hominum
1387 223 1454 260 duo
1477 223 1586 261 ferme
1603 226 1706 272 atque

124 280 322 326 octingenti,
349 284 448 327 capta
464 284 623 328 quattuor
641 282 734 334 milia
750 283 887 320 ducenti
904 283 1129 329 septuaginta.
1168 282 1299 317 Praeda
1317 280 1477 327 opulenta
1493 283 1548 317 cst
1561 283 1701 327 parta1).

122 335 163 371 In
187 337 305 381 ruinis,
340 349 427 385 quae
459 339 561 376 etiam
593 350 684 376 nunc
708 340 801 377 haud
833 340 974 388 exiguae
999 341 1134 377 exstant
1157 340 1193 376 in
1217 339 1359 376 sinistra
1384 337 1512 383 amnis.
1531 339 1589 386 qui
1613 351 1704 377 nunc

123 395 268 432 Pescara
293 396 427 440 dicitur,
453 398 527 443 ripa
550 410 655 444 prope
682 399 896 445 oppidulum,
935 399 988 434 cui
1013 409 1103 434 nunc
1126 409 1250 434 nomen
1276 398 1310 433 S.
1337 397 1518 439 Vittorino‚
1543 397 1704 433 Amatius

123 463 159 487 se
184 463 309 488 nomen
335 453 460 489 Salusti
484 454 610 501 legisse
635 466 697 501 pro
722 458 815 491 certo
840 454 1023 491 affirmavit
1047 454 1227 491 Gerlachio
1248 453 1285 499 ²).

234 509 416 557 Reliquum
442 513 504 555 est,
539 514 578 548 ut
601 513 643 549 de
668 523 793 559 genere
820 512 945 548 Salusti
979 523 1192 559 quaeramus.
1241 512 1282 547 In
1297 515 1347 547 'eo
1371 511 1473 553 enim,
1508 510 1567 556 qui
1599 511 1702 556 primi

123 566 250 602 Salusti
275 567 381 603 vitam
414 569 635 615 scripserunt,
670 581 748 605 cum
781 570 1001 616 antiquorum
1027 569 1221 606 testimonia
1246 569 1359 605 desint
1381 578 1491 614 neque
1516 566 1702 614 quidquam

125 623 191 660 nisi
226 635 267 661 ex
299 625 369 661 vita
405 628 441 662 et
475 627 611 674 scriptis
644 627 770 664 Salusti
803 627 1024 664 coniectando
1058 628 1161 663 statui
1196 627 1323 673 possit.
1358 626 1441 661 adeo
1478 625 1514 660 in
1550 624 1702 660 diversas

120 684 236 728 partes
258 683 498 726 discesserunt,
525 686 563 720 ut
580 684 635 720 alii
652 684 794 730 patricia
818 687 931 731 gente,
958 685 1014 720 alii
1039 685 1143 720 nobili
1161 684 1289 720 familia
1305 694 1383 719 eum
1401 684 1514 718 ortum
1530 683 1699 727 putarent,

120 739 176 774 alii
201 740 372 783 senatorii,
407 740 462 775 alii
487 742 655 787 equestris
689 742 816 778 ordinis
851 753 929 778 eum
953 742 1058 778 fuisse
1083 742 1246 784 dicerent,
1281 740 1336 776 alii
1368 750 1477 786 genus
1507 738 1700 781 reticerent,

120 794 176 831 alii
210 796 418 834 subobscure
451 798 704 845 significarent;
741 800 947 836 recentiores
973 800 1020 834 ita
1045 798 1271 840 consentiunt,
1299 799 1336 833 ut
1360 796 1546 833 Salustium
1569 795 1702 841 plebeia

120 853 260 899 quidem
277 853 406 891 familia
422 866 533 903 neque
550 856 665 901 nobili,
692 858 752 894 sed
769 857 923 894 honestis
950 867 1059 904 neque
1077 856 1118 893 iis
1135 855 1341 903 pauperibus
1357 853 1556 901 parentibus
1581 855 1699 889 natum

120 921 196 947 esse
221 912 346 949 dicant.
395 914 511 961 Atque
536 914 623 952 haec
647 916 718 952 fere
744 918 945 962 argumenta
968 916 1155 962 proferunt,
1190 914 1313 960 quibus
1338 923 1425 959 quae
1455 912 1543 947 obici
1566 911 1699 957 possint

120 969 272 1005 refutent
296 981 461 1016 suamque
479 972 683 1007 sententiam
701 973 912 1008 confirment.

230 1025 385 1063 Primum
410 1039 478 1065 non
502 1029 645 1075 patricia
678 1040 755 1066 eum
786 1032 889 1077 gente
916 1031 1028 1066 ortum
1052 1029 1157 1065 fuisse
1191 1039 1233 1065 ex
1257 1038 1296 1064 eo
1330 1025 1512 1073 colligunt,
1546 1025 1637 1071 quod
1669 1035 1719 1073 agr„

117 1083 212 1118 urbis
242 1084 370 1123 7o2l52
403 1086 476 1121 sine
503 1087 701 1122 transitione
735 1088 777 1122 ad
813 1087 948 1132 plebem
982 1087 1137 1122 tribunus
1171 1086 1279 1131 plebis
1304 1084 1414 1119 factus
1439 1085 1492 1118 est
1516 1081 1639 1125 (Gerl.¹
1667 1092 1699 1126 p.

116 1139 210 1182 XIII,
236 1139 399 1176 Dietsch³
422 1143 528 1187 praef.
553 1154 585 1189 p.
610 1145 654 1181 2).
705 1144 824 1179 Patres
850 1143 940 1180 enim
964 1143 1040 1190 lege
1066 1145 1197 1179 sacrata
1218 1140 1462 1187 anni160s494
1487 1139 1698 1175 tribunatum

115 1198 231 1242 petere
257 1199 466 1234 vetabantur.
508 1199 543 1236 Si
569 1201 645 1246 quis
671 1201 775 1247 igitur
800 1202 852 1236 vir
876 1201 1040 1247 patricius
1064 1201 1273 1236 tribunatum
1299 1197 1490 1244 appetebat,
1516 1198 1698 1241 antequam

116 1255 258 1299 peteret,
285 1255 328 1290 ad
344 1255 478 1302 plebem
498 1257 529 1293 ei
555 1259 798 1295 transeundum
824 1259 897 1302 fuit,
911 1259 1015 1305 quod
1039 1257 1156 1294 multis
1178 1256 1426 1303 impediebatur
1451 1253 1651 1291 ceremoniis
1664 1252 1698 1293 ³)-

116 1310 215 1348 Certe
241 1312 279 1348 P.
294 1312 431 1350 Clodius
456 1317 494 1350 ut
512 1326 553 1351 ex
569 1315 722 1352 Caesaris
740 1317 908 1353 sententia
926 1317 1082 1353 tribunus
1100 1315 1208 1362 plebis
1223 1314 1297 1350 fieri
1310 1315 1436 1360 posset,
1463 1312 1698 1348 transitionem

115 1370 158 1404 ad
182 1369 317 1415 plebem
344 1373 452 1407 totum
478 1373 548 1409 fere
575 1384 701 1409 annum
728 1375 856 1421 694s60
871 1374 1013 1411 Caesare
1039 1374 1177 1419 quidem
1202 1371 1363 1418 pontifice
1387 1370 1536 1406 maximo
1560 1370 1694 1406 favente

115 1427 176 1463 sed
201 1427 329 1463 frustra
346 1429 484 1465 molitus
496 1430 523 1474 4)
549 1431 687 1467 demum
705 1443 822 1468 mense
836 1432 961 1468 Martio
979 1432 1105 1473 695s59
1124 1441 1165 1466 ex
1182 1430 1257 1476 lege
1275 1429 1403 1474 curiata
1420 1429 1461 1463 de
1479 1427 1696 1473 adrogatione

114 1483 228 1520 eflecit
239 1485 272 1526 ⁵).
297 1485 483 1523 Salustium
500 1490 624 1532 autem,
650 1490 873 1526 nesciocuius
887 1489 1007 1537 gratia,
1034 1488 1188 1525 Caesaris
1213 1487 1354 1523 forsitan
1379 1485 1516 1528 dixeris,
1543 1486 1637 1520 tanta
1660 1483 1696 1520 in

113 1553 150 1578 se
175 1544 366 1589 suscepisse
391 1545 565 1582 molimina
590 1558 667 1583 cum
693 1547 747 1583 vix
772 1548 864 1584 credi
889 1548 1007 1593 possit,
1034 1548 1107 1582 tum
1132 1557 1212 1581 vero
1236 1545 1328 1580 nullo
1353 1546 1451 1590 pacto
1473 1543 1547 1579 fieri
1572 1542 1692 1588 potuit,

114 1603 195 1648 quin
230 1603 259 1637 si
292 1602 412 1638 effecta
444 1606 536 1640 esset
561 1605 716 1640 transitio
741 1606 924 1640 memoriae
949 1605 1160 1650 proderetur.
1211 1595 1310 1638 Cert'e
1334 1601 1504 1637 Asconius
1536 1601 1571 1636 in
1596 1611 1696 1647 argu-

112 1662 229 1695 mento
262 1662 322 1696 aut
353 1662 569 1697 comentariis
603 1662 764 1698 orationis
789 1662 994 1699 Milonianae
1027 1673 1095 1697 non
1130 1661 1307 1707 potuisset,
1352 1659 1434 1705 quin
1459 1658 1695 1694 transitionem

113 1717 249 1761 Salusti,
276 1729 363 1764 quae
375 1719 561 1764 plurimum
586 1720 756 1755 conferret
773 1722 815 1756 ad
842 1720 1116 1762 „inimicissimas
1142 1718 1216 1753 illas
1241 1717 1438 1753 contiones“
1464 1715 1692 1758 illustrandas,

113 1774 235 1811 saltem
260 1776 363 1812 verbo
389 1776 606 1823 significaret.
655 1777 748 1824 Ergo
781 1788 890 1824 neque
923 1777 962 1813 L.
989 1776 1106 1813 Vallae
1139 1786 1249 1822 neque
1283 1774 1456 1821 Anonymi
1490 1773 1694 1810 sententiam

112 1844 312 1879 sequemur,
351 1835 412 1870 sed
444 1835 576 1880 plebeia
608 1838 642 1871 et
673 1838 775 1882 gente
813 1838 848 1871 et
883 1835 1011 1871 familia
1035 1834 1221 1870 Salustium
1259 1836 1371 1869 ortum
1410 1842 1486 1868 esse
1527 1832 1689 1867 dicemus.

111 1891 234 1938 Neque
266 1892 478 1937 probandam
511 1903 586 1928 esse
611 1893 704 1928 Petri
731 1892 849 1928 Criniti
884 1893 1098 1935 sententiam,
1134 1893 1192 1938 qui
1225 1892 1313 1927 vitae
1346 1890 1441 1926 initio
1475 1900 1515 1925 ex
1548 1887 1693 1925 nobili

112 1948 337 1984 Salustiorum
370 1949 499 1985 familia
532 1952 644 1985 ortum
677 1961 752 1985 esse
778 1950 964 1985 Salustium
989 1951 1081 1993 dicit,
1121 1961 1161 1986 ex
1187 1960 1226 1985 eo
1252 1948 1439 1990 conficitur,
1466 1947 1556 1992 quod
1582 1955 1692 1992 neque

110 2006 256 2041 maiores
281 2007 354 2042 eius
379 2007 601 2053 magistratus
635 2008 785 2053 gessisse
815 2019 959 2054 usquam
984 2009 1217 2043 memorantur
1241 2008 1276 2042 et
1300 2006 1372 2052 ipse
1405 2003 1591 2040 nobilitatis
1624 2003 1692 2039 fac-

110 2064 193 2099 tioni
211 2064 462 2100 infensissimus
480 2065 585 2101 fuisse
602 2066 637 2101 in
663 2065 799 2111 scriptis
825 2068 974 2112 apparet.
1009 2066 1129 2111 Neque
1155 2066 1323 2110 repugnat
1347 2063 1438 2108 quod
1462 2062 1527 2097 Dio
1552 2060 1689 2097 Cassius

110 2122 174 2164 40,
201 2122 256 2163 65,
290 2123 314 2158 4
347 2121 442 2158 illum
475 2123 510 2158 in
535 2134 716 2159 numerum
748 2123 816 2157 τῶν
848 2122 941 2157 πάνυ
965 2119 1124 2168 γενναίων
1148 2122 1305 2158 retulisse
1331 2120 1485 2156 Videtur.
1535 2119 1690 2154 Primum

109 2180 201 2215 enim
218 2179 252 2214 id
276 2190 345 2214 non
362 2180 532 2225 expressis
550 2180 663 2217 verbis
688 2180 771 2216 dicit
794 2180 869 2223 Dio,
896 2180 991 2216 cuius
1017 2180 1101 2215 haec
1127 2181 1206 2215 sunt
1230 2179 1351 2215 verba:
1388 2172 1504 2223 ἐκείνῳ
1529 2170 1689 2222 (Ἀππίῳ

224 2284 246 2321 ¹)
267 2284 320 2312 Liv.
345 2284 376 2318 X,
403 2284 448 2319 59,
476 2284 501 2312 2.
530 2285 552 2312 si
579 2285 686 2322 quidem
707 2294 741 2314 eo
765 2286 827 2314 loco
854 2285 907 2314 hoc
932 2286 1096 2313 Amiternum
1117 2285 1289 2322 significatur.
1320 2282 1472 2313 Weissenb.
1494 2282 1526 2310 nd
1546 2282 1591 2310 lor.
1623 2281 1684 2309 lect.

109 2332 233 2361 Ceterum
254 2332 325 2361 conf.
343 2332 398 2362 Liv.
419 2333 463 2367 21,
486 2334 530 2361 62.
552 2334 596 2369 28,
617 2334 662 2364 45.
683 2334 782 2362 Plinius
803 2344 828 2362 n.
849 2334 875 2362 h.
897 2335 921 2369 3,
945 2335 978 2362 ¹2
999 2333 1056 2371 (1¹1)
1079 2334 1141 2362 107.
1164 2334 1205 2368 14,
1227 2334 1243 2361 5
1264 2333 1302 2369 (7)
1324 2333 1367 2360 38.
1389 2332 1442 2360 Liv.
1462 2330 1649 2368 perioch.¹1i.

224 2380 247 2417 ²)
268 2381 309 2409 ed.
330 2381 413 2417 prior.
434 2382 506 2410 1823
528 2391 603 2419 seqq.
624 2383 652 2410 11.
673 2392 698 2419 p.
720 2382 752 2409 δ’
772 2383 810 2410 cf.
832 2382 937 2410 Liihkcr
958 2392 979 2410 s.
1001 2392 1024 2409 v.
1037 2382 1210 2409 Amiternum.
1231 2381 1308 2409 Conf.
1329 2379 1415 2408 Strnb.
1434 2379 1464 2412 E,
1484 2380 1510 2413 ὅ,
1533 2379 1544 2405 1
1569 2387 1593 2414 p.
1615 2378 1686 2405 228:

107 2427 216 2467 πόλεις
240 2426 269 2461 δ’
294 2426 419 2474 ἔχουσιν
443 2430 488 2475 (οἱ
512 2431 662 2475 Σαβῖνοι)
688 2429 797 2475 ὀλίγας
820 2431 873 2464 καὶ
897 2430 1166 2474 τεταπεινωμένας
1192 2428 1247 2463 dui
1272 2427 1346 2467 τούς
1362 2430 1498 2472 συνεχεῖς
1518 2426 1688 2470 πολέμους,

106 2475 295 2521 Ἀμίτερνσν
319 2477 372 2510 καὶ
395 2476 517 2515 ‘Pscho-

221 2533 246 2571 ⁸)
266 2534 357 2571 Lange
376 2534 454 2564 Rem.
473 2535 583 2563 Alterth.
605 2536 623 2570 1,
644 2536 698 2564 122
718 2536 735 2566 f.
755 2536 827 2565 Idem
847 2536 881 2564 de
901 2535 1057 2564 transitione
1077 2536 1109 2563 ad
1129 2535 1244 2571 plebem.
1265 2533 1376 2570 Lipsiae.
1398 2532 1479 2560 1864.

222 2582 245 2618 ⁴)
262 2581 353 2619 Lange
372 2581 417 2610 111⁴
436 2582 534 2620 (1871)
554 2592 580 2620 p.
601 2582 678 2615 268:

221 2630 246 2676 ⁸)
266 2631 355 2670 Lange
375 2629 409 2660 ih.
429 2640 455 2671 p.
477 2631 542 2666 ΞΠ,
