1873 2859
88 140 303 201 ⁴·Wukb
326 143 413 190 Μ’
429 147 562 189 Kritzio
586 150 795 189 confecerim
831 151 980 190 Dionem
1013 153 1099 190 adeo
1129 150 1167 189 in
1205 160 1248 189 ea
1278 164 1329 197 re,
1349 165 1370 189 a
1400 165 1481 191 vero
1513 155 1706 199 aberrasse,

0 208 43 256 ζ,-
104 214 143 250 ut
164 210 295 248 Salustii
321 210 451 258 scripta
475 212 554 247 ante
570 211 767 258 provinciae
783 211 1116 249 administrationem
1132 212 1225 249 edita
1240 213 1387 259 putaret,
1412 223 1524 260 neque
1542 213 1571 250 si
1586 215 1705 260 putas-

106 271 170 312 set,
195 268 227 304 ei
241 267 358 304 >fidem
381 268 417 303 in
443 268 519 303 aliis
543 279 613 303 non
639 268 836 304 habendam
860 271 1030 315 putarem.
1055 270 1167 305 Immo
1199 270 1317 305 verbis
1350 269 1412 303 οὐκ
1435 268 1630 318 ἐμιμήσατο
1653 271 1705 317 τῷ

105 324 190 375 ἔργῳ
213 324 295 367 τοὺς
318 324 439 371 λόγους
462 324 529 361 Dio
552 325 768 373 significasse
802 326 889 363 mihi
921 326 1057 363 videtur
1088 326 1174 363 illud
1206 326 1334 363 Salusti
1368 326 1419 372 (O.
1455 329 1486 372 3,
1520 330 1576 374 2):
1612 328 1704 364 facta

106 383 205 421 dietis
243 383 464 428 exaequanda
496 385 587 418 sunt.
639 383 789 429 Dempta
821 384 928 430 igitur
960 383 1203 420 nonnullorum
1238 385 1422 421 verborum
1447 386 1633 422 acerbitate
1658 387 1702 423 ab

104 442 155 477 ira
179 440 215 476 et
237 440 388 486 partium
413 440 527 475 studio
551 440 705 485 profecta
730 451 786 476 res
810 440 886 486 ipsa
911 451 953 476 ex
988 441 1190 477 auctoritate
1215 442 1356 477 testium
1389 453 1459 478 non
1492 445 1607 488 potest
1638 444 1703 479 im-

104 496 269 547 pugnari,
303 496 508 543 praesertim
543 507 622 533 cum
651 498 745 533 idem
769 498 924 533 omnium
947 497 1020 534 fere
1046 500 1081 534 et
1105 498 1253 534 auctoris
1282 499 1476 535 Invectivae
1511 502 1546 535 et
1579 500 1702 536 Dionis

106 554 298 600 aequalium
323 555 366 590 de
391 554 519 590 Salusti
545 555 841 593 administratione
865 556 1061 602 provinciae
1086 556 1256 592 iudicium
1280 557 1388 592 fuisse
1413 568 1456 593 ex
1479 558 1563 603 ipsis
1581 569 1702 594 eorum

104 612 217 650 verbis
242 611 342 661 facile
366 612 586 649 intellexeris.

216 669 270 706 Ex
303 670 406 706 rebus
441 670 610 706 adiunctis
644 672 760 707 autem
791 671 865 717 ipse
899 674 1018 707 auctor
1041 671 1235 708 Invectivae
1270 672 1404 718 profert
1436 675 1701 719 argumentum;

104 739 173 765 non
206 727 298 764 enim
338 728 632 774 „ineptissimum“
663 739 738 764 esse
773 731 812 763 ut
835 728 967 764 Kritzio
991 729 1039 764 ita
1064 728 1150 764 mihi
1176 729 1311 765 videtur
1337 729 1421 765 illud
1446 733 1700 776 argumentum.

104 785 215 821 Immo
255 784 422 820 maximas
460 786 540 831 post
576 785 850 820 administratam
887 785 1099 830 provinciam
1136 786 1323 821 Salustium
1357 787 1503 822 Romam
1527 787 1702 824 rettulisse

105 842 240 879 divitias
280 842 439 878 omnibus
468 843 522 877 est
547 841 770 887 exploratum.
821 841 906 877 Eius
931 842 981 877 rei
1006 844 1113 877 testes
1139 842 1310 878 verissimi
1335 842 1428 879 nullo
1454 846 1608 889 tempore
1632 855 1703 880 non

103 899 243 935 fuerunt
266 898 508 945 pretiosissimi
533 898 628 934 horti
653 898 859 941 Salustiani,
895 899 937 935 de
963 899 1088 945 quibus
1113 899 1202 935 infra
1226 900 1366 935 uberius
1392 911 1621 946 exponemuS‚
1652 903 1702 937 te-

104 958 174 992 stes
199 956 339 992 fuerunt
363 955 448 991 aliae
475 956 603 991 Salusti
627 956 874 1002 possessiones,
908 959 947 990 ut
972 956 1051 991 villa
1076 956 1255 992 Tiburtina
1280 957 1446 1000 Caesaris,
1473 959 1575 994 aedes
1600 959 1703 994 Pom·

102 1014 254 1061 peianae,
282 1013 383 1050 testis
408 1013 474 1049 fuit
498 1013 606 1060 ipsius
639 1015 674 1049 et
699 1013 772 1049 eius
797 1009 943 1060 Bepotis‚
970 1024 1074 1060 quem
1098 1013 1133 1049 in
1158 1024 1285 1050 nomen
1310 1014 1464 1057 adscivit,
1491 1015 1561 1050 vita
1582 1015 1701 1059 otiosa,

102 1071 212 1113 lauta,
251 1070 422 1117 opulenta.
472 1071 580 1116 Atqui
618 1073 697 1107 ante
746 1071 958 1116 provinciam
999 1071 1274 1107 administratam
1311 1084 1379 1108 non
1416 1073 1559 1108 divitem
1595 1074 1703 1109 immo

104 1139 185 1164 vero
209 1138 396 1174 pauperem
422 1129 456 1164 et
481 1138 559 1163 aere
585 1127 695 1163 alieno
719 1138 879 1173 pressum
903 1127 1010 1163 fuisse
1036 1127 1224 1163 Salustium
1255 1139 1374 1164 omnes
1399 1129 1470 1164 fere
1496 1130 1700 1165 concedunt.

103 1185 198 1232 Ergo
223 1185 260 1220 in
284 1185 460 1231 provincia
486 1196 543 1221 eas
569 1185 636 1221 sibi
660 1184 798 1231 collegit
823 1185 969 1220 divitias.
1008 1184 1101 1221 Nam
1125 1186 1216 1231 quod
1234 1185 1379 1221 Dietsch
1397 1186 1517 1231 (praef.
1535 1197 1613 1232 pag.
1631 1187 1702 1231 11.)

104 1243 263 1288 opinatur
286 1253 344 1278 eas
363 1244 422 1277 aut
446 1244 641 1278 mercatura
657 1244 716 1277 aut
732 1242 963 1288 negotiatione
981 1244 1040 1277 aut
1065 1253 1106 1277 ex
1131 1243 1278 1278 venditis
1291 1242 1579 1287 Pompeianorum
1603 1243 1702 1279 bonis

104 1300 221 1345 partas
247 1309 342 1341 esse,
382 1298 437 1334 ille
465 1309 534 1334 non
559 1300 697 1345 reputat
722 1300 858 1345 tempus
884 1298 988 1334 breve
1014 1300 1050 1335 et
1074 1299 1232 1344 quaestui
1256 1299 1413 1344 iniquum
1439 1301 1474 1334 et
1499 1298 1627 1335 Salusti
1651 1300 1703 1335 in—

103 1356 245 1401 genium
281 1366 393 1401 neque
427 1358 640 1391 mercaturae
673 1366 785 1401 neque
817 1356 1042 1402 negotiationi
1075 1358 1194 1401 aptum
1219 1367 1331 1401 neque
1357 1358 1471 1391 tantas
1497 1357 1634 1392 divitias
1658 1357 1702 1392 iis

102 1412 205 1449 rebus
239 1412 449 1459 comparari,
489 1412 524 1452 in
558 1412 847 1458 Pompeianorum
884 1414 999 1448 autem
1032 1413 1122 1448 bona
1158 1412 1227 1447 iam
1263 1412 1433 1447 involasse
1467 1412 1660 1448 Antonium
1675 1414 1700 1456 ¹)

102 1469 265 1516 aliosque,
291 1470 352 1516 qui
377 1471 451 1505 tum
475 1470 513 1505 in
536 1469 635 1505 Italia
660 1470 851 1505 adfuerunt.

215 1526 397 1570 Quaeritur
433 1527 539 1573 igitur
575 1527 649 1562 iure
683 1538 727 1561 an
759 1526 884 1561 iniuria
917 1528 1030 1561 tantas
1063 1526 1099 1561 in
1123 1526 1301 1571 provincia
1326 1526 1505 1572 collegerit
1529 1527 1666 1562 divitias
1681 1527 1699 1562 ⁴?

99 1583 215 1631 Atque
239 1594 309 1620 non
334 1595 412 1620 sum
435 1584 483 1620 ita
507 1594 625 1620 rerum
645 1583 877 1620 Romanarum
902 1583 1054 1630 ignarus,
1081 1583 1139 1630 qui
1164 1583 1362 1631 negaverim
1391 1594 1510 1620 omnes
1536 1584 1698 1630 terexqui

101 1638 287 1685 provinciis
320 1642 552 1686 praefuissent
585 1641 809 1686 locupletatos
838 1642 969 1677 redisse
993 1641 1098 1686 idque
1123 1652 1165 1678 ex
1190 1642 1438 1678 consuetudine
1462 1642 1617 1678 Romana
1641 1646 1702 1678 aut

100 1696 323 1734 inhonestum
347 1699 407 1733 aut
430 1708 541 1744 poena
566 1697 710 1744 dignum
735 1697 843 1733 fuisse
867 1697 1117 1733 contenderim.
1169 1697 1285 1732 Etiam
1308 1697 1393 1732 illud
1417 1698 1548 1733 Kritzio
1572 1699 1619 1743 (p.
1640 1699 1701 1743 12)

99 1754 199 1792 facile
225 1756 386 1799 concedo,
412 1766 482 1792 non
506 1755 782 1802 magnitudinem
806 1754 972 1802 pecuniae
997 1756 1225 1801 comparatae,
1253 1755 1314 1791 sed
1338 1755 1479 1791 iniurias
1501 1755 1603 1792 modo
1620 1766 1701 1802 pro-

100 1811 297 1847 vincialium
330 1814 433 1857 atque
459 1812 657 1848 vexationes
687 1813 724 1847 in
747 1813 913 1847 iudicium
937 1812 1092 1854 venisse,
1128 1823 1240 1857 neque
1265 1813 1301 1847 id
1325 1813 1443 1858 magni
1467 1813 1573 1855 facio,
1608 1814 1700 1858 quod

99 1866 245 1905 Romam
269 1879 430 1906 reversus
455 1868 725 1916 repetundarum
749 1870 930 1905 accusatus
956 1878 1033 1904 esse
1058 1868 1194 1904 videtur
1219 1867 1292 1915 (ΚΓ.
1315 1879 1348 1915 p.
1367 1869 1436 1914 13).
1487 1869 1536 1904 At
1559 1869 1602 1904 iis
1628 1879 1701 1905 om-

50 1952 57 1959 .
102 1926 203 1961 nibus
228 1938 299 1962 non
323 1926 489 1962 liberatur
514 1927 658 1962 crimine
683 1926 873 1963 Salustius:
900 1928 1014 1962 tantas
1039 1927 1177 1962 divitias
1202 1938 1271 1962 non
1295 1927 1370 1962 sine
1394 1927 1527 1962 iniuriis
1553 1929 1587 1962 et
1610 1927 1701 1972 rapi-

98 1982 153 2017 nis
187 1993 385 2029 comparare
418 1983 540 2028 potuit.
591 1982 689 2027 Quod
722 1986 837 2019 autem
871 1993 913 2018 ex
945 1982 1027 2018 belli
1059 1982 1136 2018 Afr.
1163 1993 1259 2028 capp.
1281 1985 1336 2019 90.
1361 1983 1405 2019 97
1439 1985 1474 2017 et
1510 1993 1552 2018 ex
1576 1982 1699 2018 Dionis

99 2040 214 2078 verbis
239 2039 407 2089 colligunt
418 2039 449 2088 Β)
474 2039 659 2078 Gaesarem
693 2041 808 2088 ipsum
840 2050 964 2088 graves
998 2038 1125 2076 multas
1159 2040 1347 2076 iniunxisse
1372 2039 1557 2076 Numidiae
1582 2039 1699 2075 civita-

100 2097 193 2132 tibus
219 2097 475 2142 Salustiumque
505 2099 735 2143 „castigandis
760 2098 923 2133 urbibus“
952 2098 1152 2142 reliquisse,
1192 2097 1380 2133 Salustium
1412 2098 1507 2132 iussu
1541 2097 1698 2133 Caesaris

100 2152 283 2200 diripuisse
308 2154 522 2200 provinciam
548 2156 583 2189 et
607 2153 708 2190 solito
733 2153 810 2200 plus
836 2164 878 2190 ex
903 2164 961 2197 ea,
988 2165 1055 2200 quo
1079 2154 1154 2200 ipse
1180 2156 1373 2200 augeretur,
1400 2153 1567 2199 exegisse,
1593 2152 1698 2189 vehe-

99 2211 234 2247 m'enter
267 2223 381 2248 errare
416 2212 504 2247 mihi
537 2213 707 2248 videntur.
756 2211 849 2248 Nam
880 2212 923 2247 iis
956 2211 1037 2248 belli
1061 2211 1137 2247 Afr.
1171 2211 1255 2247 locis
1288 2211 1424 2246 nonnisi
1458 2211 1585 2246 veteris
1619 2222 1698 2256 pro—

100 2267 230 2302 vinciae
258 2268 398 2303 Africae
424 2269 621 2303 civitatibus
645 2269 682 2303 in
706 2269 817 2313 iisque
842 2278 924 2313 prae
949 2268 1074 2304 ceteris
1099 2268 1230 2303 civibus
1247 2268 1409 2302 Romanis
1433 2269 1474 2310 (e.
1490 2269 1550 2310 90)
1572 2267 1700 2302 multas

105 2322 295 2362 iniunxisse
322 2324 507 2363 Gaesarem
534 2326 695 2361 narratur
720 2326 755 2362 et
779 2324 900 2361 Dionis
925 2324 1032 2368 locus,
1065 2324 1101 2360 id
1126 2324 1217 2371 quod
1241 2323 1309 2359 iam
1328 2322 1476 2359 Gerlach
1502 2323 1589 2360 bene
1615 2323 1702 2359 vidit

103 2383 223 2426 (praef.
250 2394 284 2428 p.
310 2383 473 2428 XVIII.)‚
512 2394 583 2418 non
607 2384 656 2418 ita
681 2385 735 2418 est
759 2383 997 2429 accipiendus,
1032 2385 1071 2417 ut
1095 2382 1221 2417 Caesar
1246 2392 1286 2416 eo
1312 2381 1472 2424 consilio,
1510 2385 1550 2416 ut
1573 2381 1701 2417 multas

101 2437 481 2485 exigeret,‘Salustium
506 2439 689 2486 reliquisse
714 2440 859 2483 dicatur,
886 2440 948 2475 sed
972 2441 1012 2475 ut
1036 2449 1140 2474 suum
1164 2438 1330 2474 iudicium
1354 2438 1602 2484 interposuisse
1620 2438 1702 2474 Dio-

177 2562 200 2600 ι)
220 2563 276 2594 cio.
295 2565 363 2593 phu.
384 2565 410 2600 Ξ,
432 2564 477 2600 25,
498 2564 544 2593 62.

178 2609 201 2648 ²)
221 2611 294 2640 Kritz
313 2622 354 2649 pr.
376 2613 421 2642 15.
451 2612 560 2641 Dietsch
581 2613 664 2649 praet.
686 2612 736 2641 ¹2¹
756 2615 831 2648 ont,
852 2621 879 2651 p.
900 2612 945 2641 28.

1831 1122 1833 1124 ·
1838 1010 1843 1013 ,
1828 703 1843 723 ’ρ
1837 666 1842 670 -
1826 484 1841 487 ῖ
1832 372 1845 377 s
1819 216 1847 294 fi'dvm
1830 188 1833 189 ¹

1857 1255 1873 1282 ,α
1840 681 1873 1238 via-justusMssusxssmmvfflussi'1:39
1844 644 1851 651 “
1850 606 1853 607 ’
1846 562 1867 583 '⁴⁹
1860 517 1869 535 *-
1850 486 1864 496 '¹
1844 438 1865 462 ·⁷
1838 354 1873 406 &¹¹
1852 316 1854 318 '
1852 283 1859 287 ³
1846 215 1851 235 '⁸
